3034 5060
401 337 603 405 BELLUM
628 337 1008 405 CATILINAlllUlll.
1268 349 1307 402 83

123 527 240 603 pectus
254 511 413 598 Jugurthae
428 525 441 552 ²
451 513 557 588 altitis,
572 512 666 594 quim
683 513 848 598 quisquam
864 528 961 590 ratus,
976 509 1150 574 descendit.
1195 511 1307 596 ltaque

123 623 172 665 ex
188 625 226 664 eo
242 617 376 682 tempore
391 601 436 662 irai
453 615 485 665 et
500 615 586 661 metu
602 600 722 676 anxius,
738 600 852 674 moliri,
867 621 987 682 parare,
1001 613 1096 680 atque
1112 618 1148 658 ea
1164 597 1260 660 modo
1275 601 1309 662 in

123 688 235 750 animo
257 687 378 763 habere,
394 687 508 770 quibus
534 683 697 767 Hiempsal
719 706 775 767 per
798 685 906 747 dolum
932 699 1104 768 caperetur.
1151 681 1233 760 Qus
1255 685 1309 747 ubi

126 771 253 836 tardius
265 772 449 857 procedunt,
459 793 560 852 neque
574 770 686 835 lenitur
697 771 820 836 animus
831 768 845 806 b
855 768 955 841 ferox,
969 768 1075 834 statuit
1088 769 1201 850 quovis
1212 771 1308 832 modo

123 857 287 940 inceptum
303 855 463 938 perlicere.
511 855 618 918 Primo
634 871 798 934 conventu,
815 877 909 938 quem
930 857 968 916 ab
990 855 1105 936 regulis
1121 854 1239 918 factum
1260 877 1312 916 su·

122 938 184 1024 pri
201 943 389 1014 memoravi,
404 953 529 1024 propter
540 941 765 1008 dissensionem
782 943 939 1024 placuerat
950 941 1050 1006 dividi
1067 940 1240 1018 thesauros,
1256 941 1314 1001 ¹li·

122 1047 246 1110 aesque
262 1025 387 1108 imperii
404 1026 534 1108 singulis
550 1029 709 1090 constitui.
749 1028 859 1108 Itaque
876 1028 915 1088 ad
932 1043 1096 1112 utramque
1108 1047 1175 1088 rent
1188 1044 1313 1110 tempus

123 1113 322 1188 decernitur,
338 1111 394 1173 sed
411 1115 563 1178 maturius
577 1116 615 1174 ad
633 1112 796 1194 pecuniam
813 1111 1073 1175 distribuendam.
1104 1111 1218 1194 Reguli
1235 1113 1313 1174 intc-

124 1195 182 1259 νεὶ
198 1201 231 1260 in
247 1201 318 1260 loca
328 1198 503 1280 propinqua
518 1198 673 1259 thesauris
689 1198 768 1260 alius
784 1195 845 1258 aliti
862 1199 1055 1258 concessere.
1101 1195 1163 1258 Sed
1180 1197 1313 1284 Hiemp-

124 1285 177 1346 sal
192 1285 225 1345 in
242 1283 357 1366 oppido
372 1281 523 1344 Thimida
538 1279 619 1344 forte
633 1283 701 1364 ejus
714 1283 860 1344 utebatur
875 1283 983 1355 domo,
998 1281 1050 1362 qui
1065 1283 1226 1362 proximus
1241 1285 1315 1344 ‘lic-

124 1385 182 1431 tor
198 1368 478 1452 Jugurthae,.carus
494 1384 700 1452 acceptusque
717 1367 746 1428 ei
763 1387 885 1448 semper
901 1365 1022 1428 fuerat:
1041 1387 1136 1446 quem
1152 1363 1224 1428 dille
1242 1389 1317 1430 casu

126 1454 313 1532 ministrum,
324 1453 461 1532 oblatum
476 1455 637 1536 promissis
653 1467 770 1521 onerat.
788 1452 994 1534 impellitque,
1006 1445 1052 1514 uti
1066 1467 1213 1534 tanquam
1228 1473 1317 1516 suam

126 1539 265 1606 domum
280 1539 382 1602 visens
401 1552 470 1600 eatt
493 1553 653 1622 portarum
674 1539 777 1601 claves
798 1538 1009 1600 eadulterinas
1030 1551 1128 1620 paret,
1145 1560 1218 1602 nam
1236 1559 1317 1600 verae

127 1623 172 1688 ad
187 1623 403 1708 Hiempsalem
415 1623 646 1688 referebantur:
664 1623 825 1700 caetertim,
837 1624 890 1686 ubi
903 1644 953 1684 res
965 1624 1147 1704 postularet,
1161 1622 1318 1711 fseipsum

129 1729 206 1772 cum
223 1713 334 1792 magne
349 1725 515 1786 venturum
532 1732 636 1772 manu.
683 1707 827 1772 Numida
844 1711 988 1770 mandata
1003 1710 1091 1772 brevi
1108 1711 1251 1772 conficit:
1272 1725 1318 1784 at,-

131 1817 208 1876 que,
222 1795 269 1857 uti
285 1797 396 1856 doctus
412 1810 488 1869 etat,
503 1811 597 1855 noctu
608 1793 767 1875 Jugurthae
785 1795 901 1854 milites
917 1793 1098 1857 introducit.
1144 1795 1209 1872 Qui
1234 1810 1317 1878 post·

135 1899 234 1962 quam
251 1881 282 1940 in
299 1881 381 1944 aedes
397 1880 538 1960 irrupere
551 1905 559 1951 ;
574 1880 713 1940 ²diversi
729 1899 835 1960 regem
851 1899 988 1960 quaerere
1001 1904 1010 1956 3
1024 1881 1214 1950 dormientes
1231 1883 1319 1959 alios,

134 1963 214 2026 alios
231 1979 427 2026 occursantes
443 1963 615 2026 interficere
628 1986 635 2025 t
653 1963 783 2026 scrutari
799 1964 867 2025 loca
880 1963 1004 2039 abdita,
1020 1963 1122 2031 clausa
1137 1965 1319 2048 effringere:

132 2050 267 2132 strepitu
279 2063 311 2111 et
320 2052 459 2112 tumultu
471 2049 576 2112 omnia
587 2051 735 2114 miscere:
752 2050 826 2116 ciam
839 2048 964 2109 interim
979 2048 1144 2131 Hiempsal
1157 2052 1322 2132 reperitur,

133 2136 292 2198 occultans
308 2155 341 2196 se
357 2137 484 2218 tugurio
501 2133 640 2198 mulieris
656 2135 784 2212 ancillae,
800 2132 864 2219 quo
882 2133 970 2194 initio
986 2136 1132 2216 pavidus,
1148 2151 1178 2198 ct
1196 2136 1322 2218 ignarus

132 2220 206 2297 loci,
223 2219 414 2302 profugerat.
440 2220 589 2284 Numidae
606 2237 699 2303 caput
714 2222 795 2304 ejus,
807 2217 854 2280 uti
868 2219 950 2302 jussi
966 2235 1065 2298 erant,
1076 2223 1115 2284 ad
1130 2221 1324 2304 Jugurthatrt

132 2305 286 2370 referunt.
332 2305 493 2370 Caeterum
509 2305 592 2368 fama
606 2307 683 2368 tanti
700 2305 846 2368 facinoris
859 2325 914 2388 per
930 2325 1055 2368 omnem
1072 2307 1216 2370 Africam
1233 2304 1322 2378 brevi

133 2391 335 2478 divulgatur:
361 2390 579 2468 Atherbalem,
594 2412 778 2473 omnesque,
793 2391 847 2472 qui
866 2391 923 2450 sub
941 2390 1087 2474 Micipsae
1106 2393 1239 2474 imperio
1254 2393 1323 2456 fue-

133 2491 215 2553 rant,
236 2490 340 2540 metus
363 2477 495 2538 invadit.
542 2478 580 2540 In
600 2479 679 2539 duas
702 2491 805 2559 partes
827 2475 999 2558 descedunt
1022 2477 1192 2540 Numidae:
1217 2482 1323 2560 plures

136 2562 344 2630 Atherbalent
366 2578 550 2644 sequuntur,
564 2565 620 2624 sed
643 2563 732 2625 illum
754 2564 887 2622 alterum
909 2562 992 2624 bello
1014 2564 1171 2631 meliores.
1218 2561 1323 2648 Igitur

135 2647 303 2730 Jugurtha,
315 2645 410 2732 quim
426 2649 580 2732 maximas
593 2663 695 2730 potest
707 2647 812 2730 coplas
826 2663 944 2710 armata
962 2648 1053 2710 urbes
1067 2650 1180 2730 partim
1193 2649 1236 2726 vi,
1249 2649 1324 2712 alias

135 2734 305 2812 voluntate,
327 2734 461 2816 imperio
483 2755 542 2798 suo
564 2735 727 2818 adjungit:
751 2734 837 2795 omni
862 2732 1026 2802 Numidiae
1050 2734 1203 2816 imperare
1224 2751 1324 2818 parat.

136 2819 303 2895 Atherbal,
314 2819 438 2888 tametsi
452 2818 587 2880 Romam
603 2821 722 2902 legatos
738 2818 877 2896 miserat,
889 2819 944 2902 qui
960 2835 1102 2882 senatum
1120 2822 1269 2883 docerent
1283 2823 1324 2883 de

136 2905 219 2966 caede
235 2905 351 2981 fratris,
366 2919 399 2966 et
414 2903 547 2967 fortunis
559 2906 624 2968 suis
637 2931 650 2978 ·,
661 2899 765 2972 taimen
777 2903 877 2973 fretus
893 2905 1094 2972 multitudine
1112 2907 1259 2982 militurn,
1270 2928 1326 2989 pas
1378 2916 1382 2927 '

137 2990 225 3050 rabat
240 2992 336 3050 armis
350 2991 550 3054 contendere.
584 2991 661 3062 fied
681 2992 735 3054 ubi
755 3012 805 3052 res
821 2991 861 3050 ad
882 2999 1038 3056 certamen
1054 2992 1151 3066 venit,
1166 2993 1269 3055 rictus
1285 3011 1327 3054 cx

137 3075 245 3155 praelio
259 3073 399 3156 profugit
415 3075 445 3136 in
461 3076 689 3156 &provinciam
706 3097 740 3138 ac
757 3075 869 3150 dehinc
887 3074 1023 3147 Romam
1038 3077 1208 3138 contendit.
1238 3075 1327 3141 Tum

139 3160 296 3246 Jugurtlta
317 3157 655 3243 ³pauatis11c‘0nsiliis,
672 3177 838 3245 postquam
859 3162 946 3246 orani
968 3159 1122 3224 Numidia
1138 3161 1325 3246 potiebatur,

580 3291 879 3343 INTERPRETATIO.

181 3401 193 3460 .¹
210 3398 331 3463 Placuit
345 3403 491 3482 terminos
514 3404 635 3486 imperii
656 3403 797 3658 sin-pst3
827 3403 905 3462 Tum
929 3403 1098 3488 Jugurtlto
1124 3403 1272 3480 consiliis
1288 3405 1331 3466 acl

134 3485 222 3568 gulis
238 3487 408 3566 assignari.
478 3501 482 3508 ’
769 3508 834 3566 uem
844 3489 1013 3572 perductis,
1030 3487 1093 3554 &a

149 3571 151 3576 ’
180 3572 193 3604 2
209 3569 274 3644 Alit
290 3573 349 3640 alio
366 3593 466 3666 regem
482 3574 691 3666 quesiveruttt.

680 3707 794 3774 nora.

172 3852 188 3888 a
200 3831 305 3898 Mettis]
329 3833 359 3886 ld
373 3843 423 3900 est,
437 3833 631 3904 &gravissime
641 3841 740 3948 vulne-p
781 3855 796 3888 e
808 3837 993 3902 adunamus]
1006 3839 1166 3904 Dessausres
1176 3839 1242 3908 elesa.

139 3917 209 3953 ratae
219 3905 293 3970 suit:
313 3901 443 3970 tantique
459 3905 537 3970 altitls
552 3905 722 3972 telumjnfisj-
780 3905 933 3970 fSer'psum]
944 3908 1111 3972 ,Iugurtham
1308 3950 1311 3964 ,

138 3985 192 4030 um,
204 3969 415 4036 quantdacutius
428 3971 486 4021 fuit.
599 3997 600 4004 κ
779 3975 988 4038 gPrnninciam]
1002 3977 1059 4024 Hoc
1071 3979 1225 4033 esaiaemn
1235 3973 1328 4038 Africa

172 4035 188 4084 b
201 4038 461 4104 Fmoae.]lt1gurthae.
672 4093 674 4098 ,
743 4049 840 4104 pat-tem
851 4058 902 4102 quae
910 4051 958 4108 por
968 4045 1091 4093 Rotnanoe
1101 4045 1332 4107 Magistraturgu-

171 4103 300 4167 clectos]
327 4108 448 4156 Lictores
461 4115 535 4158 erant
545 4109 591 4175 qui
603 4105 721 4172 proxime
747 4108 904 4157 irruebatur.

139 4170 335 4234 Magistratum,
355 4173 399 4226 vel
420 4189 512 4242 regem
533 4175 723 4240 precedebant.
778 4172 949 4237 horrendis]
976 4175 1172 4238 Q=1ae,scilicet,
1192 4172 1225 4222 de
1242 4173 1330 4237 oppri-

139 4235 227 4302 Hujus
248 4237 354 4290 domum
374 4240 512 4310 Hiempsal
530 4244 557 4300 in
577 4242 722 4308 hospitium
747 4241 848 4292 mendis
863 4239 1039 4308 l1·atribus,et
1057 4255 1147 4296 eorum
1167 4255 1248 4308 regno
1261 4238 1332 4302 ipra·

139 4312 328 4364 assumpserat.
437 4327 440 4330 ·
608 4307 610 4312 '
747 4309 832 4360 dendo
852 4308 968 4363 iniverat.

114 4419 118 4425 .
170 4368 273 4437 due]
285 4371 424 4456 Jngurtlta.
