3034 5054
201 278 267 346 '198
594 221 604 234 ν
674 263 951 340 sALLUsTu'

205 451 291 528 odio,
302 461 357 513 aut
371 443 513 521 avaritii,
532 445 584 510 ¹in
596 457 720 528 tempus
741 457 756 486 ²
765 447 881 510 arsere.
924 441 1126 509 ¹²Permansit
1141 445 1204 508 una
1217 463 1271 508 res
1285 445 1394 532 modd,

206 559 277 620 quae
291 535 449 616 utrimque
473 533 626 614 ‘quaesita
646 545 705 608 est,
720 547 752 595 et
773 546 878 614 erepta
901 533 931 594 in
955 545 1135 614 posterum3
1158 531 1207 593 vis
1222 531 1393 610 tribunitia,

204 623 304 687 telum
319 617 338 682 ai
353 617 523 702 majoribus
544 612 703 681 dlibertati
719 634 872 700 paratum,
887 619 973 700 quod
989 635 1049 698 ego
1065 635 1121 677 vos
1139 636 1262 708 moneo,
1275 639 1392 699 quaeso·

206 729 268 791 que
283 720 320 769 ut
339 702 604 778 animadvertatis,
618 723 679 765 neu
701 704 826 765 nomina
841 723 947 765 rerum
969 702 1031 764 cad
1050 701 1208 784 ignaviam
1227 717 1393 778 mutantes,

205 794 307 858 otium
331 811 388 874 pro
409 789 538 851 servitio
559 788 737 871 appelletis;
762 786 929 872 fquojam
951 788 1019 872 ipso
1037 785 1112 858 frui,
1135 787 1267 850 gsivera
1291 804 1323 851 et
1338 787 1394 848 bo-

205 893 294 943 nesta
307 873 485 958 ''flagitium
500 874 703 958 superaverit,
718 895 779 936 non
795 887 843 936 cst
863 871 1039 936 iconditioz
1062 870 1208 950 kluisset,
1221 874 1246 935 si
1261 875 1393 942 omnino

207 961 383 1046 quietantia.
422 959 517 1020 Nunc
532 959 671 1021 animum
686 960 851 1034 advertite,
866 959 983 1042 ct,saisi
997 958 1146 1032 viceritis,
1159 960 1306 1040 queniam
1322 979 1391 1020 om·

206 1050 256 1114 ais
270 1047 314 1130 inj
339 1045 385 1108 ria
406 1043 573 1128 lgravitate
587 1046 684 1106 tutior
694 1061 756 1120 est,
769 1043 886 1108 arctius
900 1044 1066 1106 habebunt.
1102 1041 1192 1118 Quid
1206 1065 1311 1106 censes
1328 1043 1391 1126 igi·

205 1132 278 1196 turi
303 1067 431 1214 deliquia
452 1131 591 1192 vestrum
611 1130 790 1213 subjecerit.
837 1129 981 1192 Primum
1009 1127 1150 1190 omnium
1182 1129 1391 1216 omittendum

207 1236 330 1288 morem
355 1215 439 1284 bunc
464 1235 559 1298 quern
584 1215 688 1303 agitis,
713 1217 884 1300 mimpigra
910 1217 1034 1299 linguae,
1061 1215 1156 1278 animi
1186 1214 1306 1296 ignavi,
1327 1235 1394 1286 non

652 1431 949 1484 INTERPRETATIO.

250 1633 262 1666 ²
279 1631 387 1712 Itaque
400 1638 509 1688 caetera
523 1628 653 1688 maxima
672 1647 739 1693 cum
755 1627 868 1714 effectu
882 1629 1015 1712 quesita.
1028 1629 1107 1704 sunt,
1121 1629 1280 1698 secandum
1296 1627 1394 1698 licen-

210 1715 283 1787 tiam
297 1723 353 1777 aut
366 1713 478 1797 adium,
492 1723 547 1778 eut
560 1713 736 1792 avaritiam,
745 1727 807 1798 pro
822 1715 922 1800 aliquo
939 1725 1077 1799 tempore.

744 1927 860 1981 NOTAE.

242 2107 379 2170 astruere]
390 2105 421 2158 ld
433 2113 485 2167 eet,
496 2121 642 2170 mamam
653 2109 793 2168 durissima,
814 2109 954 2174 appellare.
971 2110 1120 2160 Maximum
1134 2117 1176 2162 est
1189 2113 1399 2178 autequando.

210 2179 474 2240 iompraeterierant.
815 2177 921 2242 quidem
937 2193 985 2242 per
1003 2183 1107 2227 nomina
1126 2193 1168 2228 res
1184 2195 1297 2244 quaque,
1308 2180 1399 2246 quoad

242 2239 444 2302 bhv-mansit]
469 2240 499 2290 ld
520 2246 571 2298 est,
586 2258 659 2291 anam
677 2245 793 2291 remansit
815 2251 1018 2306 scammoniae
1061 2242 1137 2296 Unde
1157 2249 1271 2304 carmin
1288 2249 1338 2308 aria
1354 2248 1398 2296 illa

210 2318 303 2376 semper
311 2311 377 2370 quad
385 2311 448 2360 tiae
456 2315 572 2372 perpetue
582 2325 664 2358 amem
676 2312 750 2358 dedit.
815 2310 938 2360 adversus
951 2311 1090 2362 Catilinam
1109 2311 1256 2364 admirabili
1272 2316 1399 2364 aratione.

244 2391 259 2425 c
277 2374 401 2437 Qrcaerita]
425 2377 482 2424 Hoc
499 2373 575 2434 dicit,
593 2375 698 2440 Syllam,
716 2379 791 2426 Catu·
820 2380 891 2436 Quia,
905 2380 966 2426 bona
980 2381 1061 2428 alteru
1078 2382 1178 2442 largiri,
1193 2382 1334 2436 liberaliter,
1346 2381 1398 2428 rna-¹

208 2443 276 2502 lum,
286 2441 436 2501 Curionem,
447 2440 595 2502 Lucullum,
611 2442 731 2508 singulas
747 2443 791 2492 de·
815 2445 895 2492 lotam
910 2461 990 2494 renim
1010 2449 1127 2503 arrdacia,
1140 2447 1264 2510 sortiendo
1284 2454 1397 2507 oaeamr,

208 2509 300 2574 nique,
309 2522 356 2571 per
365 2524 396 2558 ea
405 2511 610 2572 tempornpacis
623 2519 651 2559 et
661 2509 793 2572 bonipub-
815 2511 842 2560 eri
860 2514 996 2574 respublica
1011 2516 1038 2561 in
1051 2523 1157 2561 extremo
1169 2517 1219 2561 n’ta
1232 2523 1276 2562 eet.
1310 2509 1397 2570 Qtiitn'

208 2576 257 2626 liei
275 2574 373 2639 specie,
387 2574 482 2626 civiles
498 2575 646 2627 discordias
664 2576 791 2632 movisse,
814 2577 979 2638 pestiferum,
988 2575 1121 2644 quamque
1133 2581 1297 2641 penetrabile
1312 2580 1399 2630 odole-
1465 2633 1468 2638 ,

158 2661 159 2666 ’
210 2638 272 2693 edm
289 2641 357 2697 illud
375 2639 454 2693 modd
469 2642 666 2706 quaesivissent,
682 2643 737 2708 qua
754 2656 792 2690 ra·
814 2643 943 2692 sc'entium
957 2646 1099 2708 praesertin
1118 2645 1213 2695 animis
1230 2646 1277 2696 illo
1289 2648 1397 2704 scelere,

209 2711 291 2767 tione,
304 2707 375 2772 plebi
387 2709 513 2770 adempta
526 2708 665 2758 tribunitia
678 2713 792 2772 patesta-
814 2709 998 2760 vocabulorum
1022 2712 1082 2760 dico
1103 2715 1307 2776 permutatione,
1325 2713 1398 2764 virus

209 2782 249 2833 te,
258 2784 287 2824 et
300 2773 415 2824 tribunis
432 2774 625 2834 defensoribus,
635 2776 668 2824 ed
685 2775 792 2839 placidi
817 2776 975 2828 iiutilletnr:
987 2778 1039 2828 dici
1052 2793 1102 2828 non
1115 2786 1212 2842 potest.

209 2839 350 2891 arbitrium
369 2847 528 2892 uterentur,-
546 2843 626 2892 ¹locus
644 2849 687 2891 est
704 2843 793 2908 itaque
848 2843 1007 2908 levatitia]
1028 2847 1167 2894 Terminus
1182 2855 1227 2895 est
1248 2845 1330 2914 juris:
1348 2845 1396 2895 hta

209 2906 361 2964 verborum,
373 2904 399 2954 in
412 2921 440 2956 re
457 2903 572 2958 maximi
588 2909 669 2968 seria,
680 2906 741 2958 crim
754 2909 793 2957 di·
815 2908 878 2959 verri
898 2912 964 2961 idem
981 2913 1052 2962 valet
1070 2914 1141 2976 quod
1161 2923 1249 2971 status,
1263 2918 1396 2972 luminant

209 2975 266 3032 ait,
277 2975 455 3022 remansissent
466 2974 592 3035 quesitam
603 2993 655 3026 erse
667 2976 695 3026 id
706 2975 791 3040 ipsum
815 2977 916 3042 aliquid
931 2979 1026 3029 annile.
1061 2982 1121 3030 Non
1132 2991 1169 3030 cst
1182 2983 1295 3040 marlino,
1308 2981 1335 3030 id
1346 2986 1397 3040 este

209 3040 402 3105 quodereptnnt
418 3050 462 3088 eet.
572 3087 575 3091 ,
670 3065 672 3068 ·
816 3045 877 3092 Nan
889 3047 952 3094 licet.
1035 3056 1063 3092 .'

245 3108 264 3156 d
277 3106 424 3168 Libertate]
441 3103 528 3156 Antea
546 3107 670 3168 vidimus,
687 3107 760 3172 qudd
777 3107 793 3158 d
848 3109 867 3158 k
878 3111 999 3176 Fuisset]
1009 3112 1131 3165 conditio
1143 3113 1257 3166 scilicet.

206 3173 329 3236 patribus
352 3173 555 3236 opprimeretur,
575 3177 718 3225 secessisse
741 3176 794 3238 ple·
830 3175 859 3225 ,l
884 3180 1036 3242 Gravitate]
1058 3182 1183 3230 Omnino'r
1206 3196 1303 3246 nosque
1324 3180 1397 3232 illud

209 3239 279 3295 bem,
290 3236 375 3302 adque
393 3234 545 3288 defensores
563 3241 612 3290 sibi
630 3245 736 3305 parasse
747 3241 794 3291 tri·
817 3241 940 3306 maxime,
958 3253 987 3295 ut
1004 3247 1140 3312 principiis
1156 3248 1287 3311 obstemus
1307 3247 1399 3298 admo·

208 3301 303 3354 bunos.
815 3318 875 3369 net,
888 3327 973 3378 neque
984 3315 1104 3376 cuiquam
1116 3315 1214 3364 malum
1229 3313 1400 3373 truncemus,

242 3387 258 3421 e
271 3367 472 3436 palpitantem]
485 3370 516 3419 ld
528 3377 579 3432 est,
588 3383 617 3423 at
629 3378 741 3426 recorcliae
752 3392 794 3426 ae·
813 3393 899 3442 neque
916 3377 932 3429 b
949 3395 1090 3446 quoquam,
1104 3382 1209 3447 quando
1226 3382 1298 3439 licet,
1316 3383 1399 3430 inten-

208 3448 265 3488 alrae
278 3441 382 3488 bancalia
392 3439 525 3487 nundinius
532 3445 724 3503 patrocinemim'.
813 3450 898 3494 tatum
916 3447 1096 3496 admittamus.
1129 3448 1197 3497 Rixa
1215 3449 1282 3498 enim
1304 3447 1398 3507 rixam,

202 3518 206 3526 ’
242 3504 345 3567 iQaa]
368 3505 419 3554 Hic
432 3517 471 3556 est
486 3520 586 3563 sensus.
623 3511 652 3558 m·
658 3519 705 3574 per
714 3514 794 3560 maci·
813 3511 890 3562 dolus
907 3513 997 3562 dolum
1020 3512 1118 3564 trahit:
1142 3529 1228 3580 nequa
1244 3513 1305 3562 finis
1328 3514 1397 3564 ullus

209 3587 272 3626 mum
283 3573 419 3636 flagitium,
434 3589 486 3622 cnm
504 3589 551 3635 qua
568 3591 632 3624 nnnc
651 3580 729 3639 agitis
743 3587 792 3624 rta-
813 3592 872 3627 esse
896 3588 985 3643 potest
1007 3581 1191 3641 certaminum,
1210 3581 1295 3630 donee
1319 3580 1398 3645 dissi·

211 3647 268 3687 inm
282 3636 430 3691 camdenum
441 3643 619 3702 circumitam,
629 3647 700 3692 utinm
712 3646 792 3705 appel·
814 3645 931 3695 dentium
947 3648 1023 3707 alter,
1044 3655 1090 3696 aut
1108 3649 1249 3711 sapienter,
1267 3647 1340 3711 quad
1356 3663 1399 3696 ra·

210 3705 263 3754 lonc
276 3705 351 3750 libet.-
370 3722 400 3752 ne
412 3723 437 3754 eo
450 3709 545 3768 quiden
556 3713 612 3772 jam
621 3709 680 3771 frui
699 3710 788 3762 licebit,
812 3727 870 3759 rum
883 3722 934 3772 est,
944 3714 1034 3764 litibus
1044 3714 1168 3770 desistam
1182 3723 1226 3762 aut
1235 3729 1284 3778 per
1297 3713 1348 3762 vim
1362 3713 1397 3762 ab

208 3765 264 3821 crin
276 3779 369 3819 vestroe
382 3773 493 3830 dominor,
507 3782 601 3836 paucae
618 3779 715 3832 nobiles,
727 3778 791 3824 acili-
812 3778 896 3827 altero
905 3779 1043 3846 frangatur
1057 3789 1083 3829 et
1096 3783 1268 3845 opprimatur.

208 3845 256 3895 act,
269 3851 349 3884 eornm
366 3839 525 3888 detractando
542 3845 675 3904 imperium,
688 3850 735 3906 pen
748 3846 790 3890 tri·
846 3859 870 3892 m
889 3847 1021 3910 Impigrael
1041 3847 1158 3910 Populus
1174 3848 1215 3896 ⁴sie
1232 3857 1284 3908 est,
1303 3849 1398 3905 (terro,

209 3905 286 3952 banaa
298 3905 389 3967 jugam
407 3908 472 3963 qaod
489 3909 653 3970 impoeaerant
675 3917 791 3958 excutere
813 3913 894 3972 Iners,
907 3915 952 3962 &a
986 3914 1038 3962 Sed
1057 3914 1088 3962 ab
1106 3920 1194 3963 earum
1214 3929 1312 3971 rerum,
1330 3927 1396 3978 quas

209 3974 299 4026 canati,
311 3973 388 4016 innoc
397 3971 567 4022 intraveritis.
812 3984 958 4028 tractamus
975 3981 1137 4044 cognitione,
1149 3981 1233 4029 omnis
1250 3987 1397 4045 nostra'ac-

244 4051 263 4100 g
276 4038 304 4086 Si
315 4034 395 4096 nera]
407 4034 439 4082 ld
450 4045 501 4092 est,
510 4042 531 4086 εἰ
540 4043 729 4106 perflagitinoa
744 4059 790 4092 om·
813 4043 849 4092 tia
863 4045 964 4094 initium
975 4049 1064 4106 sumit,
1073 4055 1152 4112 atque
1166 4047 1192 4094 in
1202 4045 1399 4096 calundanien-

209 4102 267 4152 aino*
287 4106 386 4152 servitia
403 4107 491 4163 vestra
504 4111 546 4156 atii
568 4111 649 4157 ttamen
671 4113 790 4172 imponere
812 4119 868 4160 tum
880 4111 959 4161 babet
970 4113 1099 4176 sapientia
1110 4114 1226 4176 politica.
1250 4112 1396 4174 idendico,

210 4173 291 4218 nullia.
801 4175 843 4226 ⁴ue
863 4179 932 4243 quis,
949 4181 1020 4246 quml
1040 4195 1149 4242 pronum
1167 4187 1222 4243 eat,
1238 4195 1273 4242 ex
1290 4178 1398 4250 ingeniti

243 4235 423 4300 heingelon]
441 4236 584 4304 Flagitium
601 4242 791 4301 dietenomina
813 4243 1150 4308 suocaeterosmetiatur.'
1180 4245 1182 4249 ’
1270 4261 1275 4266 ·
1323 4253 1325 4260 ’

209 4316 298 4362 rerum
315 4309 491 4364 commutare,
509 4310 538 4356 et
556 4307 790 4373 scryitiuraatium
