3070 5034
588 276 657 340 AD
681 275 957 340 LECTOREM.

168 449 420 538 baciufautii,
438 447 503 521 s'ed
521 447 803 544 quibuscumque
818 449 990 522 bonorum
1006 449 1163 522 omnium
1178 465 1249 522 non
1263 451 1375 525 fuerit

167 549 296 621 innata
307 547 419 642 turpis
433 547 647 637 adversatio,
659 571 779 620 omnes
793 547 1046 641 predicebam.
1073 547 1098 619 J
1100 573 1157 620 am
1174 549 1263 622 nihil
1280 573 1372 646 opus

167 649 243 736 erit
256 646 457 720 vernaculis
474 645 566 736 istis,
582 653 618 716 ot
632 648 822 742 quotannis
840 647 914 718 fere
933 646 1145 721 renovandis
1162 645 1370 744 interpreta-

166 741 434 841 domibusque
451 745 515 817 vix
541 745 626 816 satis
650 769 808 839 unquam
832 745 985 818 auctoris
1008 766 1152 818 sonsum
1169 753 1205 818 et
1221 763 1373 840 scopum

153 841 433 940 ‘assemruntun
461 865 604 938 semper
631 845 679 916 ab
705 842 785 938 ejus
814 843 960 931 ratione,
986 846 1161 940 modoque
1185 845 1369 918 remeunt,

161 941 343 1036 Quisquis
369 943 407 1012 in
431 940 566 1012 Launae
591 941 719 1038 lingua
746 943 1001 1036 cognoscendis
1022 967 1167 1037 operam
1187 962 1288 1022 suam
1306 965 1372 1036 per

153 1061 238 1111 sex
252 1049 396 1111 menses
413 1039 584 1110 adhibere
602 1040 766 1130 noluerit,
782 1041 813 1114 is
831 1049 956 1136 postea
973 1041 1069 1114 solus
1088 1065 1251 1136 magnam
1270 1039 1371 1118 illan

160 1138 312 1210 virtutis
331 1137 502 1227 altricem,
521 1145 675 1212 veterem
696 1127 850 1212 Romam
869 1139 962 1227 dico,
979 1141 1108 1234 poterit
1129 1140 1370 1234 perlustrares

161 1241 341 1330 tutusque
356 1236 637 1308 venerandorum
655 1235 732 1332 ejus
751 1238 967 1330 sepultorum
990 1261 1111 1308 manes
1136 1236 1173 1308 iu
1195 1237 1371 1310 arixilium

162 1341 208 1404 et
223 1331 411 1406 consilinm
428 1357 591 1406 evocare.
632 1333 779 1406 Utinam
796 1358 894 1423 vero,
912 1335 1007 1430 quod
1026 1335 1200 1428 reliquum
1217 1345 1284 1425 ost,
1297 1345 1371 1409 uu

163 1431 298 1506 mulus·
318 1431 624 1506 conrmudilatibus
650 1433 759 1526 culpa
783 1440 903 1504 nostra
925 1431 1017 1506 nibil
1034 1434 1231 1508 ‹letractum
1252 1430 1369 1503 fuerit.
1408 1481 1418 1491 -

162 1528 349 1602 socordis
364 1553 435 1604 non
447 1530 609 1604 ¹evenerit
623 1533 803 1625 profecto:
833 1532 918 1627 Quae
937 1540 1052 1604 autern
1072 1553 1138 1626 per
1156 1529 1371 1625 imperitiam

163 1629 312 1700 turbata
327 1629 470 1721 fuerint,
489 1653 532 1703 ea
555 1635 595 1701 ut
619 1631 836 1702 humanitate
861 1643 921 1702 tua
943 1651 1118 1700 excusare
1138 1627 1240 1716 velis,
1258 1628 1372 1700 lector

165 1726 355 1817 benevole,
390 1751 542 1803 oramus.
595 1728 701 1824 Quod
735 1728 766 1798 si
799 1726 1060 1798 illustrissimus
1095 1725 1370 1797 Condomiensis

166 1824 362 1920 episcopus
385 1850 433 1898 ex
458 1825 625 1915 assiduis,
644 1826 786 1920 quibuS,
804 1823 841 1896 in
865 1823 1062 1896 erudiendo
1085 1823 1259 1920 principe,
1278 1822 1367 1894 deti-

164 1925 274 1994 netur
290 1923 399 2010 curis,
417 1925 464 1996 ad
490 1925 565 1996 baec
589 1921 684 1994 levia
710 1922 864 1994 animum
882 1923 1065 1998 demittere
1085 1921 1281 2016 potuisset3
1308 1925 1371 1992 aut

166 2019 391 2095 nobilissimo
408 2021 542 2094 Hoetio
559 2021 596 2094 in
612 2022 805 2092 earundem
823 2043 987 2092 curarum
1005 2028 1141 2114 partem
1159 2017 1283 2107 ascito,
1297 2041 1371 2112 qua

165 2117 417 2213 benevolentia
440 2119 683 2192 laborantibus
708 2118 810 2190 nobis
836 2141 1085 2214 nonnunquam
1112 2115 1288 2202 subvenit,
1310 2139 1368 2186 ea-

168 2217 254 2288 dem
272 2221 379 2289 tutum
397 2241 487 2312 opus
506 2217 554 2290 ad
567 2241 718 2289 examen
736 2240 839 2288 suum
856 2239 1022 2287 rovocare
1039 2215 1212 2300 licuisset,
1231 2213 1370 2308 aliquid

167 2322 267 2388 certe
301 2316 551 2409 promovendis
585 2314 713 2386 studiis
747 2313 869 2386 utilius
903 2313 1082 2386 excudere
1115 2311 1368 2406 potuissemus.

169 2413 279 2508 Quod
295 2411 410 2503 nobis,
429 2412 642 2512 quipriores
666 2413 704 2484 in
727 2412 820 2483 hanc
838 2435 982 2484 arenam
1000 2410 1263 2490 descendimus,
1282 2431 1368 2504 quo-

168 2512 266 2586 niam
283 2513 425 2584 fortuna
449 2511 573 2584 melior
590 2510 735 2600 invidit,
755 2510 786 2582 si
811 2507 899 2604 quid
923 2508 961 2578 in
984 2510 1051 2581 hoc
1070 2508 1173 2603 quasi
1197 2507 1370 2603 praeludio

143 2607 451 2706 peccaverimus,
478 2609 640 2698 aliorum,
666 2608 733 2702 qui.
755 2609 850 2680 idem
881 2607 1070 2678 decurrent
1094 2605 1261 2689 stadium,
1287 2603 1367 2675 dili-

168 2707 290 2803 gentio
307 2709 489 2780 sancietur.
516 2707 651 2794 ,Multa
668 2705 822 2778 dicenda
839 2710 1078 2800 superessent,
1096 2712 1136 2776 ut
1152 2701 1368 2798 quibusdam

168 2806 384 2894 hominibus,
403 2831 492 2902 quos
509 2806 690 2877 nominare
707 2804 795 2875 nibil
816 2803 951 2890 attinet,
969 2825 1039 2872 non
1056 2809 1127 2874 tam
1145 2801 1367 2872 satisfacere-

168 2927 263 2994 mus,
277 2905 373 2998 quod
385 2928 488 2976 nemo
500 2910 603 2976 natus
614 2902 750 2992 fecerit,
763 2927 870 2997 quam
882 2901 1198 2993 responderemus:
1216 2897 1276 2986 At,
1289 2897 1381 2991 qui-¹

170 3011 263 3073 etem
286 3009 440 3076 nostram
458 3003 520 3096 qui
544 3001 634 3072 nibil
659 3002 900 3088 turbaverunt,
919 2999 990 3070 illis
1017 2999 1128 3069 multo
1152 2995 1278 3068 melius
1304 2995 1371 3066 crit

169 3100 325 3196 quietam
352 3107 504 3173 mentem
528 3103 622 3171 bona
645 3123 752 3194 prece
780 3096 976 3193 deprocari.
1027 3095 1368 3190 Quomodocumque

168 3207 286 3271 errata
303 3208 424 3270 nostra
440 3197 686 3292 patefecerint,
704 3197 774 3267 nisi
790 3199 879 3268 forte
899 3195 1002 3266 ctiam
1021 3193 1106 3281 illis,
1126 3192 1223 3286 opud
1247 3191 1362 3284 Supe-

166 3319 227 3370 ros
249 3321 390 3392 semper
413 3296 725 3384 commorantibus,
743 3296 928 3390 indignum
949 3290 1127 3362 ridebitur
1151 3290 1198 3360 ad
1224 3299 1296 3360 tem
1313 3287 1363 3358 vi-

167 3393 219 3466 lia
251 3419 330 3466 sese
365 3394 562 3483 demittere,
590 3393 837 3464 lubentissime
870 3391 988 3462 animo
1023 3387 1251 3482 corrigemus.
1302 3383 1365 3456 'l'u

168 3493 288 3583 modo,
307 3493 344 3564 id
362 3494 458 3586 quod
482 3515 540 3564 res
566 3499 631 3580 est,
650 3489 780 3584 cogita,
799 3489 952 3561 candide
976 3487 1100 3573 lector,
1120 3509 1183 3555 nos
1209 3484 1365 3556 maximo

168 3590 286 3664 studio
305 3591 421 3662 enisos
441 3613 533 3681 esso,
550 3593 590 3660 ut
612 3597 792 3660 auctorem
816 3594 975 3658 nostrum
1000 3585 1036 3655 in
1063 3581 1225 3677 perfacili
1243 3581 1363 3676 cogni-

167 3689 263 3760 tione
284 3711 507 3783 poneremus.
559 3685 658 3758 Hinc
682 3686 779 3774 inde,
797 3681 1115 3768 indiscriminatim,
1134 3705 1200 3774 qua
1213 3701 1365 3773 cumque

167 3788 330 3858 adhunc
355 3809 502 3880 scopum
528 3785 658 3856 ducere
684 3783 915 3872 credidimus,
935 3779 1052 3852 securi
1077 3778 1363 3892 desumpsimus:

166 3883 301 3980 Neque
320 3907 362 3956 eo
378 3881 561 3954 minimum
578 3883 789 3978 cujusquam
807 3879 989 3975 scriptoris
1006 3877 1105 3950 laudi
1123 3876 1287 3972 glomero
1303 3897 1363 3947 ro-

145 4031 148 4036 *
165 3983 310 4072 luimuS,
329 3982 438 4075 quod,
455 3982 590 4052 utenda
607 4006 683 4074 quae
702 3979 755 4050 illi
772 3980 809 4050 in
823 3980 941 4050 lucem
958 3977 1159 4064 edrdorunt,
1173 3997 1216 4044 ea
1234 3997 1298 4044 nos
1317 3993 1365 4044 ex

166 4081 306 4154 illorum
324 4079 541 4174 benignitate
559 4079 793 4150 hauserimus.
844 4077 902 4148 Ita
919 4097 1003 4148 vcro
1029 4097 1135 4168 agore
1159 4071 1269 4141 satius
1287 4073 1366 4144 fore

166 4177 281 4250 visum
306 4184 372 4272 est,
390 4199 511 4272 quam,
528 4185 568 4250 ut
591 4175 646 4248 illi
663 4176 880 4264 factitarunt,
899 4173 1042 4268 singula
1064 4170 1139 4241 suis
1160 4167 1365 4240 auctoribus

166 4277 368 4374 attribuere,
407 4274 519 4368 Nam,
537 4283 578 4356 ut
593 4281 730 4352 taceam
744 4274 842 4372 quod
858 4271 999 4370 prolixe
1016 4276 1071 4345 est
1087 4265 1185 4340 istud
1202 4268 1363 4364 quando·
