<?xml version="1.0" encoding="UTF-8"?>
<!DOCTYPE html PUBLIC "-//W3C//DTD XHTML 1.0 Transitional//EN"
    "http://www.w3.org/TR/xhtml1/DTD/xhtml1-transitional.dtd">
<html xmlns="http://www.w3.org/1999/xhtml" xml:lang="en" lang="en">
 <head>
  <title>
</title>
<meta http-equiv="Content-Type" content="text/html;charset=utf-8" />
  <meta name='ocr-system' content='tesseract 3.04.00' />
  <meta name='ocr-capabilities' content='ocr_page ocr_carea ocr_par ocr_line ocrx_word'/>
</head>
<body>
  <div class='ocr_page' id='page_1' title='image "./operaomniaquaee00crisgoog_0028.png"; bbox 0 0 3070 5034; ppageno 0'>
   <div class='ocr_carea' id='block_1_1' title="bbox 25 273 27 416">
    <p class='ocr_par' dir='ltr' id='par_1_1' title="bbox 25 273 27 416">
     <span class='ocr_line' id='line_1_1' title="bbox 25 273 27 416; baseline 0 0"><span class='ocrx_word' id='word_1_1' title='bbox 25 273 27 416; x_wconf 78' lang='lat' dir='ltr'>i</span> 
     </span>
    </p>
   </div>
   <div class='ocr_carea' id='block_1_2' title="bbox 25 463 27 536">
    <p class='ocr_par' dir='ltr' id='par_1_2' title="bbox 25 463 27 562">
     <span class='ocr_line' id='line_1_2' title="bbox 25 463 27 536; baseline 0 0"><span class='ocrx_word' id='word_1_2' title='bbox 25 463 27 536; x_wconf 83' lang='lat' dir='ltr'>i</span> 
     </span>
    </p>
   </div>
   <div class='ocr_carea' id='block_1_3' title="bbox 617 293 881 353">
    <p class='ocr_par' dir='ltr' id='par_1_3' title="bbox 617 293 881 353">
     <span class='ocr_line' id='line_1_3' title="bbox 617 293 881 353; baseline -0.011 -7"><span class='ocrx_word' id='word_1_3' title='bbox 617 293 665 353; x_wconf 66' lang='lat' dir='ltr'>DE</span> <span class='ocrx_word' id='word_1_4' title='bbox 678 293 881 346; x_wconf 71' lang='lat' dir='ltr'>statuario.</span> 
     </span>
    </p>
   </div>
   <div class='ocr_carea' id='block_1_4' title="bbox 191 425 1035 562">
    <p class='ocr_par' dir='ltr' id='par_1_4' title="bbox 191 425 1035 562">
     <span class='ocr_line' id='line_1_4' title="bbox 549 425 1035 506; baseline -0.006 -16"><span class='ocrx_word' id='word_1_5' title='bbox 549 439 588 490; x_wconf 78' lang='lat' dir='ltr'>Ei</span> <span class='ocrx_word' id='word_1_6' title='bbox 600 425 709 506; x_wconf 48' lang='lat' dir='ltr'>⁸Epirus</span> <span class='ocrx_word' id='word_1_7' title='bbox 721 441 758 491; x_wconf 81' lang='lat' dir='ltr'>od</span> <span class='ocrx_word' id='word_1_8' title='bbox 766 439 954 492; x_wconf 69' lang='lat' dir='ltr'>Marcellinum.</span> <span class='ocrx_word' id='word_1_9' title='bbox 1032 441 1035 448; x_wconf 68' lang='lat'><strong>⁴</strong></span> 
     </span>
     <span class='ocr_line' id='line_1_5' title="bbox 191 506 547 562; baseline -0.017 0"><span class='ocrx_word' id='word_1_10' title='bbox 191 507 381 562; x_wconf 84' lang='lat' dir='ltr'>Nobilissimus</span> <span class='ocrx_word' id='word_1_11' title='bbox 391 506 547 560; x_wconf 85' lang='lat' dir='ltr'>historicus.</span> 
     </span>
    </p>
   </div>
   <div class='ocr_carea' id='block_1_5' title="bbox 148 641 1353 840">
    <p class='ocr_par' dir='ltr' id='par_1_5' title="bbox 148 641 1353 840">
     <span class='ocr_line' id='line_1_6' title="bbox 429 641 1079 706; baseline 0 -16"><span class='ocrx_word' id='word_1_12' title='bbox 429 643 554 692; x_wconf 70' lang='lat' dir='ltr'>solnm:</span> <span class='ocrx_word' id='word_1_13' title='bbox 566 641 922 706; x_wconf 62' lang='lat' dir='ltr'>Mmtefimnafflolyrrnict</span> <span class='ocrx_word' id='word_1_14' title='bbox 933 641 958 692; x_wconf 80' lang='lat'>3.</span> <span class='ocrx_word' id='word_1_15' title='bbox 973 648 1026 705; x_wconf 80' lang='lat' dir='ltr'>erp.</span> <span class='ocrx_word' id='word_1_16' title='bbox 1039 641 1079 690; x_wconf 86' lang='lat'>11.</span> 
     </span>
     <span class='ocr_line' id='line_1_7' title="bbox 191 707 1353 776; baseline 0 -16"><span class='ocrx_word' id='word_1_17' title='bbox 191 711 264 762; x_wconf 83' lang='lat' dir='ltr'>Unde</span> <span class='ocrx_word' id='word_1_18' title='bbox 275 718 303 760; x_wconf 91' lang='lat' dir='ltr'>et</span> <span class='ocrx_word' id='word_1_19' title='bbox 315 709 409 774; x_wconf 83' lang='lat' dir='ltr'>Crispo</span> <span class='ocrx_word' id='word_1_20' title='bbox 428 709 622 759; x_wconf 82' lang='lat' dir='ltr'>Historicorum</span> <span class='ocrx_word' id='word_1_21' title='bbox 635 708 704 760; x_wconf 90' lang='lat' dir='ltr'>inter</span> <span class='ocrx_word' id='word_1_22' title='bbox 715 709 823 759; x_wconf 84' lang='lat' dir='ltr'>Latinos</span> <span class='ocrx_word' id='word_1_23' title='bbox 839 708 986 772; x_wconf 87' lang='lat' dir='ltr'>potissimo.</span> <span class='ocrx_word' id='word_1_24' title='bbox 998 709 1046 758; x_wconf 89' lang='lat' dir='ltr'>sed</span> <span class='ocrx_word' id='word_1_25' title='bbox 1059 707 1155 774; x_wconf 64' lang='lat' dir='ltr'>etipsi</span> <span class='ocrx_word' id='word_1_26' title='bbox 1166 709 1287 760; x_wconf 76' lang='lat' dir='ltr'>Ciceroni</span> <span class='ocrx_word' id='word_1_27' title='bbox 1299 710 1353 776; x_wconf 75' lang='lat' dir='ltr'>ple·</span> 
     </span>
     <span class='ocr_line' id='line_1_8' title="bbox 148 775 1141 840; baseline -0.003 -11"><span class='ocrx_word' id='word_1_28' title='bbox 148 780 228 829; x_wconf 82' lang='lat' dir='ltr'>cuit:</span> <span class='ocrx_word' id='word_1_29' title='bbox 241 781 268 828; x_wconf 88' lang='lat' dir='ltr'>in</span> <span class='ocrx_word' id='word_1_30' title='bbox 281 777 360 827; x_wconf 86' lang='lat' dir='ltr'>malis</span> <span class='ocrx_word' id='word_1_31' title='bbox 368 775 512 828; x_wconf 77' lang='lat' dir='ltr'>factionem</span> <span class='ocrx_word' id='word_1_32' title='bbox 524 789 593 834; x_wconf 83' lang='lat' dir='ltr'>esse,</span> <span class='ocrx_word' id='word_1_33' title='bbox 602 777 674 840; x_wconf 91' lang='lat' dir='ltr'>quod</span> <span class='ocrx_word' id='word_1_34' title='bbox 687 775 715 826; x_wconf 89' lang='lat' dir='ltr'>in</span> <span class='ocrx_word' id='word_1_35' title='bbox 725 777 790 826; x_wconf 79' lang='lat' dir='ltr'>viris</span> <span class='ocrx_word' id='word_1_36' title='bbox 805 775 879 826; x_wconf 87' lang='lat' dir='ltr'>bonis</span> <span class='ocrx_word' id='word_1_37' title='bbox 889 790 952 826; x_wconf 85' lang='lat' dir='ltr'>vera</span> <span class='ocrx_word' id='word_1_38' title='bbox 963 775 1082 826; x_wconf 82' lang='lat' dir='ltr'>amicitia</span> <span class='ocrx_word' id='word_1_39' title='bbox 1091 791 1141 827; x_wconf 85' lang='lat' dir='ltr'>est.</span> 
     </span>
    </p>
   </div>
   <div class='ocr_carea' id='block_1_6' title="bbox 144 911 1357 1712">
    <p class='ocr_par' dir='ltr' id='par_1_6' title="bbox 665 911 848 962">
     <span class='ocr_line' id='line_1_9' title="bbox 665 911 848 962; baseline -0.022 0"><span class='ocrx_word' id='word_1_40' title='bbox 665 911 848 962; x_wconf 75' lang='lat' dir='ltr'>Volaterranos.</span> 
     </span>
    </p>

    <p class='ocr_par' dir='ltr' id='par_1_7' title="bbox 144 973 1357 1712">
     <span class='ocr_line' id='line_1_10' title="bbox 185 973 1354 1046; baseline 0 -17"><span class='ocrx_word' id='word_1_41' title='bbox 185 978 268 1046; x_wconf 86' lang='lat' dir='ltr'>cajus</span> <span class='ocrx_word' id='word_1_42' title='bbox 280 975 424 1029; x_wconf 84' lang='lat' dir='ltr'>Sallustius</span> <span class='ocrx_word' id='word_1_43' title='bbox 436 974 555 1044; x_wconf 80' lang='lat' dir='ltr'>Crispus,</span> <span class='ocrx_word' id='word_1_44' title='bbox 563 977 680 1026; x_wconf 81' lang='lat' dir='ltr'>nomana</span> <span class='ocrx_word' id='word_1_45' title='bbox 689 976 792 1040; x_wconf 87' lang='lat' dir='ltr'>primus</span> <span class='ocrx_word' id='word_1_46' title='bbox 803 977 828 1027; x_wconf 93' lang='lat' dir='ltr'>in</span> <span class='ocrx_word' id='word_1_47' title='bbox 840 973 960 1037; x_wconf 76' lang='lat' dir='ltr'>bistonii,</span> <span class='ocrx_word' id='word_1_48' title='bbox 969 983 1002 1027; x_wconf 85' lang='lat' dir='ltr'>ut</span> <span class='ocrx_word' id='word_1_49' title='bbox 1013 975 1051 1026; x_wconf 84' lang='lat' dir='ltr'>sit</span> <span class='ocrx_word' id='word_1_50' title='bbox 1059 976 1206 1030; x_wconf 84' lang='lat' dir='ltr'>Martialis:</span> <span class='ocrx_word' id='word_1_51' title='bbox 1220 977 1354 1044; x_wconf 82' lang='lat' dir='ltr'>Thucydi-</span> 
     </span>
     <span class='ocr_line' id='line_1_11' title="bbox 145 1041 1355 1114; baseline 0.001 -20"><span class='ocrx_word' id='word_1_52' title='bbox 145 1045 181 1095; x_wconf 87' lang='lat' dir='ltr'>di</span> <span class='ocrx_word' id='word_1_53' title='bbox 194 1062 228 1096; x_wconf 87' lang='lat' dir='ltr'>ex</span> <span class='ocrx_word' id='word_1_54' title='bbox 238 1046 341 1114; x_wconf 75' lang='lat' dir='ltr'>Grecis</span> <span class='ocrx_word' id='word_1_55' title='bbox 353 1043 495 1108; x_wconf 85' lang='lat' dir='ltr'>opponitur</span> <span class='ocrx_word' id='word_1_56' title='bbox 505 1042 522 1094; x_wconf 70' lang='lat' dir='ltr'>a</span> <span class='ocrx_word' id='word_1_57' title='bbox 533 1042 872 1106; x_wconf 71' lang='lat' dir='ltr'>Quinctilliano,elegantit</span> <span class='ocrx_word' id='word_1_58' title='bbox 885 1041 1000 1106; x_wconf 89' lang='lat' dir='ltr'>dicendi,</span> <span class='ocrx_word' id='word_1_59' title='bbox 1010 1043 1093 1093; x_wconf 81' lang='lat' dir='ltr'>attici</span> <span class='ocrx_word' id='word_1_60' title='bbox 1105 1046 1244 1106; x_wconf 83' lang='lat' dir='ltr'>brevitate,</span> <span class='ocrx_word' id='word_1_61' title='bbox 1252 1057 1355 1097; x_wconf 89' lang='lat' dir='ltr'>senten-</span> 
     </span>
     <span class='ocr_line' id='line_1_12' title="bbox 146 1109 1356 1176; baseline 0.002 -14"><span class='ocrx_word' id='word_1_62' title='bbox 146 1112 254 1164; x_wconf 86' lang='lat' dir='ltr'>tiarum</span> <span class='ocrx_word' id='word_1_63' title='bbox 265 1111 429 1164; x_wconf 73' lang='lat' dir='ltr'>celebritate.</span> <span class='ocrx_word' id='word_1_64' title='bbox 463 1115 583 1162; x_wconf 79' lang='lat' dir='ltr'>Testatur</span> <span class='ocrx_word' id='word_1_65' title='bbox 599 1117 686 1160; x_wconf 82' lang='lat' dir='ltr'>autern</span> <span class='ocrx_word' id='word_1_66' title='bbox 700 1111 717 1160; x_wconf 69' lang='lat' dir='ltr'>d</span> <span class='ocrx_word' id='word_1_67' title='bbox 731 1109 858 1173; x_wconf 84' lang='lat' dir='ltr'>Pollione,</span> <span class='ocrx_word' id='word_1_68' title='bbox 871 1117 900 1158; x_wconf 88' lang='lat' dir='ltr'>ut</span> <span class='ocrx_word' id='word_1_69' title='bbox 914 1111 994 1161; x_wconf 89' lang='lat' dir='ltr'>nimis</span> <span class='ocrx_word' id='word_1_70' title='bbox 1006 1113 1180 1176; x_wconf 75' lang='lat' dir='ltr'>antiquarius,</span> <span class='ocrx_word' id='word_1_71' title='bbox 1191 1123 1221 1164; x_wconf 89' lang='lat' dir='ltr'>et</span> <span class='ocrx_word' id='word_1_72' title='bbox 1232 1129 1267 1164; x_wconf 83' lang='lat' dir='ltr'>ex</span> <span class='ocrx_word' id='word_1_73' title='bbox 1278 1115 1356 1164; x_wconf 87' lang='lat' dir='ltr'>Cato·</span> 
     </span>
     <span class='ocr_line' id='line_1_13' title="bbox 145 1173 1355 1246; baseline 0.002 -17"><span class='ocrx_word' id='word_1_74' title='bbox 145 1179 194 1231; x_wconf 85' lang='lat' dir='ltr'>nis</span> <span class='ocrx_word' id='word_1_75' title='bbox 206 1177 360 1246; x_wconf 74' lang='lat' dir='ltr'>Originibus</span> <span class='ocrx_word' id='word_1_76' title='bbox 373 1178 452 1234; x_wconf 77' lang='lat' dir='ltr'>verba</span> <span class='ocrx_word' id='word_1_77' title='bbox 463 1185 609 1226; x_wconf 83' lang='lat' dir='ltr'>mutuatus.</span> <span class='ocrx_word' id='word_1_78' title='bbox 642 1179 697 1228; x_wconf 79' lang='lat' dir='ltr'>Tro</span> <span class='ocrx_word' id='word_1_79' title='bbox 718 1192 735 1226; x_wconf 92' lang='lat' dir='ltr'>o</span> <span class='ocrx_word' id='word_1_80' title='bbox 746 1185 847 1232; x_wconf 84' lang='lat' dir='ltr'>eutem,</span> <span class='ocrx_word' id='word_1_81' title='bbox 866 1173 939 1242; x_wconf 76' lang='lat' dir='ltr'>quod</span> <span class='ocrx_word' id='word_1_82' title='bbox 950 1178 1116 1230; x_wconf 86' lang='lat' dir='ltr'>orationibus</span> <span class='ocrx_word' id='word_1_83' title='bbox 1127 1179 1207 1230; x_wconf 89' lang='lat' dir='ltr'>nimis</span> <span class='ocrx_word' id='word_1_84' title='bbox 1220 1179 1305 1246; x_wconf 77' lang='lat' dir='ltr'>longis</span> <span class='ocrx_word' id='word_1_85' title='bbox 1322 1197 1355 1232; x_wconf 85' lang='lat' dir='ltr'>ao</span> 
     </span>
     <span class='ocr_line' id='line_1_14' title="bbox 144 1191 1354 1308; baseline 0.001 -11"><span class='ocrx_word' id='word_1_86' title='bbox 144 1247 267 1298; x_wconf 87' lang='lat' dir='ltr'>directis</span> <span class='ocrx_word' id='word_1_87' title='bbox 285 1253 393 1296; x_wconf 87' lang='lat' dir='ltr'>utatur:</span> <span class='ocrx_word' id='word_1_88' title='bbox 411 1244 491 1294; x_wconf 88' lang='lat' dir='ltr'>sicuti</span> <span class='ocrx_word' id='word_1_89' title='bbox 509 1243 591 1293; x_wconf 89' lang='lat' dir='ltr'>etiam</span> <span class='ocrx_word' id='word_1_90' title='bbox 603 1191 785 1306; x_wconf 70' lang='lat' dir='ltr'>Thucyiides.</span> <span class='ocrx_word' id='word_1_91' title='bbox 820 1245 872 1292; x_wconf 84' lang='lat' dir='ltr'>llic</span> <span class='ocrx_word' id='word_1_92' title='bbox 891 1243 936 1294; x_wconf 88' lang='lat' dir='ltr'>ille</span> <span class='ocrx_word' id='word_1_93' title='bbox 954 1245 1076 1296; x_wconf 87' lang='lat' dir='ltr'>inimicus</span> <span class='ocrx_word' id='word_1_94' title='bbox 1094 1246 1239 1308; x_wconf 75' lang='lat' dir='ltr'>Ciceronis,</span> <span class='ocrx_word' id='word_1_95' title='bbox 1251 1246 1354 1300; x_wconf 81' lang='lat' dir='ltr'>divitiis</span> 
     </span>
     <span class='ocr_line' id='line_1_15' title="bbox 145 1308 1355 1380; baseline 0.002 -16"><span class='ocrx_word' id='word_1_96' title='bbox 145 1313 292 1380; x_wconf 83' lang='lat' dir='ltr'>praeditus,</span> <span class='ocrx_word' id='word_1_97' title='bbox 304 1310 383 1378; x_wconf 81' lang='lat' dir='ltr'>eujus</span> <span class='ocrx_word' id='word_1_98' title='bbox 400 1310 537 1360; x_wconf 85' lang='lat' dir='ltr'>hortorum</span> <span class='ocrx_word' id='word_1_99' title='bbox 551 1309 666 1376; x_wconf 81' lang='lat' dir='ltr'>vestigia</span> <span class='ocrx_word' id='word_1_100' title='bbox 683 1308 771 1358; x_wconf 88' lang='lat' dir='ltr'>adhuc</span> <span class='ocrx_word' id='word_1_101' title='bbox 785 1310 917 1360; x_wconf 84' lang='lat' dir='ltr'>cernimus</span> <span class='ocrx_word' id='word_1_102' title='bbox 930 1312 1033 1360; x_wconf 83' lang='lat' dir='ltr'>Romae:</span> <span class='ocrx_word' id='word_1_103' title='bbox 1050 1325 1162 1376; x_wconf 86' lang='lat' dir='ltr'>quorum</span> <span class='ocrx_word' id='word_1_104' title='bbox 1177 1315 1277 1364; x_wconf 80' lang='lat' dir='ltr'>Plinius</span> <span class='ocrx_word' id='word_1_105' title='bbox 1309 1330 1355 1366; x_wconf 91' lang='lat' dir='ltr'>uo·</span> 
     </span>
     <span class='ocr_line' id='line_1_16' title="bbox 145 1374 1354 1446; baseline 0.002 -18"><span class='ocrx_word' id='word_1_106' title='bbox 145 1395 207 1446; x_wconf 88' lang='lat' dir='ltr'>que</span> <span class='ocrx_word' id='word_1_107' title='bbox 224 1378 346 1432; x_wconf 76' lang='lat' dir='ltr'>meminit</span> <span class='ocrx_word' id='word_1_108' title='bbox 363 1377 431 1427; x_wconf 89' lang='lat' dir='ltr'>libro</span> <span class='ocrx_word' id='word_1_109' title='bbox 445 1375 580 1427; x_wconf 83' lang='lat' dir='ltr'>Naturalis</span> <span class='ocrx_word' id='word_1_110' title='bbox 596 1374 712 1428; x_wconf 74' lang='lat' dir='ltr'>historie</span> <span class='ocrx_word' id='word_1_111' title='bbox 726 1375 847 1439; x_wconf 88' lang='lat' dir='ltr'>septimo,</span> <span class='ocrx_word' id='word_1_112' title='bbox 859 1378 947 1441; x_wconf 83' lang='lat' dir='ltr'>eapite</span> <span class='ocrx_word' id='word_1_113' title='bbox 964 1377 1169 1428; x_wconf 80' lang='lat' dir='ltr'>decimosexto.</span> <span class='ocrx_word' id='word_1_114' title='bbox 1204 1381 1255 1430; x_wconf 87' lang='lat' dir='ltr'>llic</span> <span class='ocrx_word' id='word_1_115' title='bbox 1272 1389 1354 1432; x_wconf 81' lang='lat' dir='ltr'>ettam</span> 
     </span>
     <span class='ocr_line' id='line_1_17' title="bbox 146 1441 1357 1510; baseline 0.003 -14"><span class='ocrx_word' id='word_1_116' title='bbox 146 1447 202 1498; x_wconf 89' lang='lat' dir='ltr'>ille</span> <span class='ocrx_word' id='word_1_117' title='bbox 213 1445 303 1496; x_wconf 85' lang='lat' dir='ltr'>alienae</span> <span class='ocrx_word' id='word_1_118' title='bbox 311 1444 420 1494; x_wconf 81' lang='lat' dir='ltr'>luxuriae</span> <span class='ocrx_word' id='word_1_119' title='bbox 430 1442 603 1510; x_wconf 76' lang='lat' dir='ltr'>gravissimus</span> <span class='ocrx_word' id='word_1_120' title='bbox 614 1441 770 1509; x_wconf 80' lang='lat' dir='ltr'>objurgator</span> <span class='ocrx_word' id='word_1_121' title='bbox 781 1452 811 1492; x_wconf 90' lang='lat' dir='ltr'>et</span> <span class='ocrx_word' id='word_1_122' title='bbox 821 1443 976 1508; x_wconf 88' lang='lat' dir='ltr'>censor,qui</span> <span class='ocrx_word' id='word_1_123' title='bbox 991 1443 1133 1495; x_wconf 88' lang='lat' dir='ltr'>Metellum</span> <span class='ocrx_word' id='word_1_124' title='bbox 1148 1445 1222 1496; x_wconf 88' lang='lat' dir='ltr'>Pium</span> <span class='ocrx_word' id='word_1_125' title='bbox 1236 1445 1263 1496; x_wconf 90' lang='lat' dir='ltr'>in</span> <span class='ocrx_word' id='word_1_126' title='bbox 1276 1447 1357 1500; x_wconf 86' lang='lat' dir='ltr'>bisto-</span> 
     </span>
     <span class='ocr_line' id='line_1_18' title="bbox 146 1508 1356 1578; baseline 0.001 -15"><span class='ocrx_word' id='word_1_127' title='bbox 146 1513 194 1564; x_wconf 73' lang='lat' dir='ltr'>ria</span> <span class='ocrx_word' id='word_1_128' title='bbox 211 1511 390 1576; x_wconf 87' lang='lat' dir='ltr'>reprehendit,</span> <span class='ocrx_word' id='word_1_129' title='bbox 401 1508 478 1576; x_wconf 76' lang='lat' dir='ltr'>quod</span> <span class='ocrx_word' id='word_1_130' title='bbox 493 1519 587 1575; x_wconf 84' lang='lat' dir='ltr'>preter</span> <span class='ocrx_word' id='word_1_131' title='bbox 603 1508 663 1560; x_wconf 88' lang='lat' dir='ltr'>e&#39;us</span> <span class='ocrx_word' id='word_1_132' title='bbox 680 1517 710 1558; x_wconf 89' lang='lat' dir='ltr'>et</span> <span class='ocrx_word' id='word_1_133' title='bbox 727 1509 820 1573; x_wconf 90' lang='lat' dir='ltr'>populi</span> <span class='ocrx_word' id='word_1_134' title='bbox 835 1511 947 1560; x_wconf 82' lang='lat' dir='ltr'>Romani</span> <span class='ocrx_word' id='word_1_135' title='bbox 960 1511 1121 1578; x_wconf 68' lang='lat' dir='ltr'>dignitatem</span> <span class='ocrx_word' id='word_1_136' title='bbox 1139 1521 1168 1562; x_wconf 90' lang='lat' dir='ltr'>et</span> <span class='ocrx_word' id='word_1_137' title='bbox 1186 1513 1356 1576; x_wconf 81' lang='lat' dir='ltr'>modestiam,</span> 
     </span>
     <span class='ocr_line' id='line_1_19' title="bbox 146 1526 1356 1646; baseline 0.002 -17"><span class='ocrx_word' id='word_1_138' title='bbox 146 1577 283 1632; x_wconf 78' lang='lat' dir='ltr'>eonviviia</span> <span class='ocrx_word' id='word_1_139' title='bbox 293 1578 320 1628; x_wconf 90' lang='lat' dir='ltr'>in</span> <span class='ocrx_word' id='word_1_140' title='bbox 332 1579 469 1644; x_wconf 80' lang='lat' dir='ltr'>Hispania,</span> <span class='ocrx_word' id='word_1_141' title='bbox 482 1576 608 1642; x_wconf 86' lang='lat' dir='ltr'>omnique</span> <span class='ocrx_word' id='word_1_142' title='bbox 615 1526 687 1628; x_wconf 83' lang='lat' dir='ltr'>iuxu</span> <span class='ocrx_word' id='word_1_143' title='bbox 698 1582 829 1628; x_wconf 87' lang='lat' dir='ltr'>uteretur.</span> <span class='ocrx_word' id='word_1_144' title='bbox 865 1574 963 1628; x_wconf 70' lang='lat' dir='ltr'>Postei</span> <span class='ocrx_word' id='word_1_145' title='bbox 975 1577 1040 1628; x_wconf 83' lang='lat' dir='ltr'>verd</span> <span class='ocrx_word' id='word_1_146' title='bbox 1057 1578 1115 1646; x_wconf 89' lang='lat' dir='ltr'>ipse</span> <span class='ocrx_word' id='word_1_147' title='bbox 1130 1577 1314 1644; x_wconf 87' lang='lat' dir='ltr'>deprehensus</span> <span class='ocrx_word' id='word_1_148' title='bbox 1328 1581 1356 1632; x_wconf 86' lang='lat' dir='ltr'>in</span> 
     </span>
     <span class='ocr_line' id='line_1_20' title="bbox 146 1643 1356 1712; baseline 0.003 -14"><span class='ocrx_word' id='word_1_149' title='bbox 146 1646 295 1707; x_wconf 81' lang='lat' dir='ltr'>adulterio,</span> <span class='ocrx_word' id='word_1_150' title='bbox 305 1647 338 1696; x_wconf 89' lang='lat' dir='ltr'>ab</span> <span class='ocrx_word' id='word_1_151' title='bbox 352 1646 437 1697; x_wconf 81' lang='lat' dir='ltr'>Annio</span> <span class='ocrx_word' id='word_1_152' title='bbox 449 1645 559 1704; x_wconf 84' lang='lat' dir='ltr'>Milone,</span> <span class='ocrx_word' id='word_1_153' title='bbox 570 1649 599 1694; x_wconf 89' lang='lat' dir='ltr'>et</span> <span class='ocrx_word' id='word_1_154' title='bbox 610 1643 676 1694; x_wconf 80' lang='lat' dir='ltr'>loris</span> <span class='ocrx_word' id='word_1_155' title='bbox 685 1643 752 1694; x_wconf 88' lang='lat' dir='ltr'>bene</span> <span class='ocrx_word' id='word_1_156' title='bbox 761 1659 854 1705; x_wconf 76' lang='lat' dir='ltr'>oesus,</span> <span class='ocrx_word' id='word_1_157' title='bbox 867 1651 896 1694; x_wconf 86' lang='lat' dir='ltr'>et</span> <span class='ocrx_word' id='word_1_158' title='bbox 906 1653 1050 1711; x_wconf 87' lang='lat' dir='ltr'>postquam</span> <span class='ocrx_word' id='word_1_159' title='bbox 1062 1661 1151 1712; x_wconf 78' lang='lat' dir='ltr'>pones</span> <span class='ocrx_word' id='word_1_160' title='bbox 1163 1647 1356 1710; x_wconf 60' lang='lat' dir='ltr'>declinandis</span> 
     </span>
    </p>
   </div>
   <div class='ocr_carea' id='block_1_7' title="bbox 55 1711 1009 1776">
    <p class='ocr_par' dir='ltr' id='par_1_8' title="bbox 55 1711 1009 1776">
     <span class='ocr_line' id='line_1_21' title="bbox 55 1711 1009 1776; baseline -0.002 -12"><span class='ocrx_word' id='word_1_161' title='bbox 55 1718 59 1728; x_wconf 94' lang='grc'><strong>“</strong></span> <span class='ocrx_word' id='word_1_162' title='bbox 146 1714 250 1766; x_wconf 86' lang='lat' dir='ltr'>missus</span> <span class='ocrx_word' id='word_1_163' title='bbox 262 1720 313 1764; x_wconf 84' lang='lat' dir='ltr'>est.</span> <span class='ocrx_word' id='word_1_164' title='bbox 344 1715 477 1764; x_wconf 81' lang='lat' dir='ltr'>:turtures</span> <span class='ocrx_word' id='word_1_165' title='bbox 490 1713 575 1764; x_wconf 85' lang='lat' dir='ltr'>Varro</span> <span class='ocrx_word' id='word_1_166' title='bbox 588 1721 615 1764; x_wconf 91' lang='lat' dir='ltr'>et</span> <span class='ocrx_word' id='word_1_167' title='bbox 625 1711 790 1776; x_wconf 71' lang='lat' dir='ltr'>Macrobioe,</span> <span class='ocrx_word' id='word_1_168' title='bbox 801 1712 886 1762; x_wconf 79' lang='lat' dir='ltr'>Aulus</span> <span class='ocrx_word' id='word_1_169' title='bbox 897 1712 1009 1768; x_wconf 81' lang='lat' dir='ltr'>Gellius.</span> 
     </span>
    </p>
   </div>
   <div class='ocr_carea' id='block_1_8' title="bbox 148 1849 1357 2454">
    <p class='ocr_par' dir='ltr' id='par_1_9' title="bbox 679 1849 1263 1898">
     <span class='ocr_line' id='line_1_22' title="bbox 679 1849 1263 1898; baseline -0.003 0"><span class='ocrx_word' id='word_1_170' title='bbox 679 1849 829 1898; x_wconf 80' lang='lat' dir='ltr'>Petrorslo.</span> <span class='ocrx_word' id='word_1_171' title='bbox 1260 1888 1263 1896; x_wconf 93' lang='lat'><em>.</em></span> 
     </span>
    </p>

    <p class='ocr_par' dir='ltr' id='par_1_10' title="bbox 148 1912 1357 2454">
     <span class='ocr_line' id='line_1_23' title="bbox 185 1912 1356 1982; baseline 0.003 -15"><span class='ocrx_word' id='word_1_172' title='bbox 185 1915 298 1980; x_wconf 80' lang='lat' dir='ltr'>Crispus</span> <span class='ocrx_word' id='word_1_173' title='bbox 311 1914 453 1968; x_wconf 87' lang='lat' dir='ltr'>Sallustius</span> <span class='ocrx_word' id='word_1_174' title='bbox 461 1913 559 1976; x_wconf 80' lang='lat' dir='ltr'>nobilis</span> <span class='ocrx_word' id='word_1_175' title='bbox 572 1912 844 1978; x_wconf 80' lang='lat' dir='ltr'>historicusreritatis</span> <span class='ocrx_word' id='word_1_176' title='bbox 856 1913 908 1978; x_wconf 88' lang='lat' dir='ltr'>(sic</span> <span class='ocrx_word' id='word_1_177' title='bbox 916 1915 986 1965; x_wconf 85' lang='lat' dir='ltr'>enim</span> <span class='ocrx_word' id='word_1_178' title='bbox 994 1914 1029 1966; x_wconf 90' lang='lat' dir='ltr'>de</span> <span class='ocrx_word' id='word_1_179' title='bbox 1040 1915 1087 1967; x_wconf 92' lang='lat' dir='ltr'>illo</span> <span class='ocrx_word' id='word_1_180' title='bbox 1097 1917 1168 1982; x_wconf 89' lang='lat' dir='ltr'>apud</span> <span class='ocrx_word' id='word_1_181' title='bbox 1178 1924 1302 1970; x_wconf 86' lang='lat' dir='ltr'>auctores</span> <span class='ocrx_word' id='word_1_182' title='bbox 1312 1935 1356 1972; x_wconf 83' lang='lat' dir='ltr'>re-</span> 
     </span>
     <span class='ocr_line' id='line_1_24' title="bbox 148 1978 1354 2048; baseline 0.005 -15"><span class='ocrx_word' id='word_1_183' title='bbox 148 1982 274 2034; x_wconf 75' lang='lat' dir='ltr'>tissimus</span> <span class='ocrx_word' id='word_1_184' title='bbox 292 1983 421 2048; x_wconf 86' lang='lat' dir='ltr'>seriptum</span> <span class='ocrx_word' id='word_1_185' title='bbox 432 1981 526 2046; x_wconf 83' lang='lat' dir='ltr'>video)</span> <span class='ocrx_word' id='word_1_186' title='bbox 541 1978 596 2047; x_wconf 79' lang='lat' dir='ltr'>qud</span> <span class='ocrx_word' id='word_1_187' title='bbox 609 1979 715 2032; x_wconf 83' lang='lat' dir='ltr'>fidelius</span> <span class='ocrx_word' id='word_1_188' title='bbox 731 1997 774 2031; x_wconf 85' lang='lat' dir='ltr'>ars</span> <span class='ocrx_word' id='word_1_189' title='bbox 787 1980 884 2032; x_wconf 81' lang='lat' dir='ltr'>Africae</span> <span class='ocrx_word' id='word_1_190' title='bbox 894 1983 1125 2048; x_wconf 82' lang='lat' dir='ltr'>complecteretur,</span> <span class='ocrx_word' id='word_1_191' title='bbox 1137 1983 1221 2034; x_wconf 86' lang='lat' dir='ltr'>libros</span> <span class='ocrx_word' id='word_1_192' title='bbox 1239 1988 1354 2038; x_wconf 86' lang='lat' dir='ltr'>Punicos</span> 
     </span>
     <span class='ocr_line' id='line_1_25' title="bbox 149 2047 1355 2116; baseline 0.004 -16"><span class='ocrx_word' id='word_1_193' title='bbox 149 2051 323 2116; x_wconf 77' lang='lat' dir='ltr'>perquisivit,</span> <span class='ocrx_word' id='word_1_194' title='bbox 337 2049 560 2116; x_wconf 74' lang='lat' dir='ltr'>peregrinamque</span> <span class='ocrx_word' id='word_1_195' title='bbox 570 2047 704 2114; x_wconf 77' lang='lat' dir='ltr'>linguam,</span> <span class='ocrx_word' id='word_1_196' title='bbox 715 2063 764 2112; x_wconf 88' lang='lat' dir='ltr'>per</span> <span class='ocrx_word' id='word_1_197' title='bbox 780 2048 961 2114; x_wconf 79' lang='lat' dir='ltr'>interpretem,</span> <span class='ocrx_word' id='word_1_198' title='bbox 973 2048 1095 2116; x_wconf 75' lang='lat' dir='ltr'>flagranti</span> <span class='ocrx_word' id='word_1_199' title='bbox 1111 2049 1202 2102; x_wconf 86' lang='lat' dir='ltr'>studio</span> <span class='ocrx_word' id='word_1_200' title='bbox 1221 2063 1355 2108; x_wconf 84' lang='lat' dir='ltr'>scrutatos</span> 
     </span>
     <span class='ocr_line' id='line_1_26' title="bbox 148 2113 1355 2184; baseline 0.002 -16"><span class='ocrx_word' id='word_1_201' title='bbox 148 2125 207 2177; x_wconf 78' lang='lat' dir='ltr'>est,</span> <span class='ocrx_word' id='word_1_202' title='bbox 219 2117 282 2184; x_wconf 91' lang='lat' dir='ltr'>quin</span> <span class='ocrx_word' id='word_1_203' title='bbox 299 2121 329 2168; x_wconf 87' lang='lat' dir='ltr'>et</span> <span class='ocrx_word' id='word_1_204' title='bbox 347 2117 431 2168; x_wconf 84' lang='lat' dir='ltr'>maria</span> <span class='ocrx_word' id='word_1_205' title='bbox 446 2123 631 2181; x_wconf 77' lang='lat' dir='ltr'>transgressus</span> <span class='ocrx_word' id='word_1_206' title='bbox 642 2113 752 2176; x_wconf 88' lang='lat' dir='ltr'>dieitur,</span> <span class='ocrx_word' id='word_1_207' title='bbox 764 2124 796 2166; x_wconf 90' lang='lat' dir='ltr'>ut</span> <span class='ocrx_word' id='word_1_208' title='bbox 806 2115 892 2168; x_wconf 89' lang='lat' dir='ltr'>oculis</span> <span class='ocrx_word' id='word_1_209' title='bbox 904 2118 959 2168; x_wconf 87' lang='lat' dir='ltr'>suis</span> <span class='ocrx_word' id='word_1_210' title='bbox 971 2117 1095 2168; x_wconf 89' lang='lat' dir='ltr'>erederet</span> <span class='ocrx_word' id='word_1_211' title='bbox 1106 2119 1140 2168; x_wconf 90' lang='lat' dir='ltr'>de</span> <span class='ocrx_word' id='word_1_212' title='bbox 1158 2119 1355 2171; x_wconf 91' lang='lat' dir='ltr'>conditionibus</span> 
     </span>
     <span class='ocr_line' id='line_1_27' title="bbox 152 2177 1357 2250; baseline 0.002 -16"><span class='ocrx_word' id='word_1_213' title='bbox 152 2177 282 2234; x_wconf 75' lang='lat' dir='ltr'>locorum.</span> <span class='ocrx_word' id='word_1_214' title='bbox 316 2184 420 2234; x_wconf 89' lang='lat' dir='ltr'>Bellum</span> <span class='ocrx_word' id='word_1_215' title='bbox 431 2183 632 2248; x_wconf 76' lang='lat' dir='ltr'>Jugurtbinum,</span> <span class='ocrx_word' id='word_1_216' title='bbox 641 2183 909 2248; x_wconf 83' lang='lat' dir='ltr'>Conjurationemque</span> <span class='ocrx_word' id='word_1_217' title='bbox 921 2183 1052 2240; x_wconf 73' lang='lat' dir='ltr'>Catilinae,</span> <span class='ocrx_word' id='word_1_218' title='bbox 1067 2187 1253 2250; x_wconf 87' lang='lat' dir='ltr'>compendiosa</span> <span class='ocrx_word' id='word_1_219' title='bbox 1263 2188 1297 2236; x_wconf 90' lang='lat' dir='ltr'>ad</span> <span class='ocrx_word' id='word_1_220' title='bbox 1311 2205 1357 2237; x_wconf 88' lang='lat' dir='ltr'>un·</span> 
     </span>
     <span class='ocr_line' id='line_1_28' title="bbox 152 2247 1356 2320; baseline 0.003 -20"><span class='ocrx_word' id='word_1_221' title='bbox 152 2265 245 2320; x_wconf 73' lang='lat' dir='ltr'>guem,</span> <span class='ocrx_word' id='word_1_222' title='bbox 256 2257 288 2300; x_wconf 88' lang='lat' dir='ltr'>ut</span> <span class='ocrx_word' id='word_1_223' title='bbox 298 2251 352 2301; x_wconf 89' lang='lat' dir='ltr'>dici</span> <span class='ocrx_word' id='word_1_224' title='bbox 362 2250 440 2310; x_wconf 88' lang='lat' dir='ltr'>solet,</span> <span class='ocrx_word' id='word_1_225' title='bbox 450 2250 582 2317; x_wconf 78' lang='lat' dir='ltr'>emtigato</span> <span class='ocrx_word' id='word_1_226' title='bbox 592 2247 661 2314; x_wconf 85' lang='lat' dir='ltr'>stylo</span> <span class='ocrx_word' id='word_1_227' title='bbox 669 2250 825 2314; x_wconf 83' lang='lat' dir='ltr'>complexus</span> <span class='ocrx_word' id='word_1_228' title='bbox 833 2259 888 2308; x_wconf 72' lang='lat' dir='ltr'>est:</span> <span class='ocrx_word' id='word_1_229' title='bbox 901 2251 950 2301; x_wconf 89' lang='lat' dir='ltr'>sed</span> <span class='ocrx_word' id='word_1_230' title='bbox 962 2253 1035 2302; x_wconf 91' lang='lat' dir='ltr'>nullo</span> <span class='ocrx_word' id='word_1_231' title='bbox 1043 2249 1169 2302; x_wconf 77' lang='lat' dir='ltr'>famosior</span> <span class='ocrx_word' id='word_1_232' title='bbox 1178 2268 1257 2320; x_wconf 84' lang='lat' dir='ltr'>quam</span> <span class='ocrx_word' id='word_1_233' title='bbox 1267 2256 1356 2306; x_wconf 82' lang='lat' dir='ltr'>Histo-</span> 
     </span>
     <span class='ocr_line' id='line_1_29' title="bbox 153 2315 1354 2384; baseline 0.007 -18"><span class='ocrx_word' id='word_1_234' title='bbox 153 2317 254 2368; x_wconf 80' lang='lat' dir='ltr'>riarum</span> <span class='ocrx_word' id='word_1_235' title='bbox 266 2317 346 2377; x_wconf 89' lang='lat' dir='ltr'>libro,</span> <span class='ocrx_word' id='word_1_236' title='bbox 355 2317 401 2384; x_wconf 92' lang='lat' dir='ltr'>qui</span> <span class='ocrx_word' id='word_1_237' title='bbox 413 2319 483 2367; x_wconf 82' lang='lat' dir='ltr'>retati</span> <span class='ocrx_word' id='word_1_238' title='bbox 493 2331 600 2384; x_wconf 90' lang='lat' dir='ltr'>quoque</span> <span class='ocrx_word' id='word_1_239' title='bbox 610 2324 713 2376; x_wconf 84' lang='lat' dir='ltr'>nostrae,</span> <span class='ocrx_word' id='word_1_240' title='bbox 721 2331 754 2366; x_wconf 88' lang='lat' dir='ltr'>ne</span> <span class='ocrx_word' id='word_1_241' title='bbox 762 2325 865 2368; x_wconf 87' lang='lat' dir='ltr'>certum</span> <span class='ocrx_word' id='word_1_242' title='bbox 875 2315 933 2382; x_wconf 89' lang='lat' dir='ltr'>ejus</span> <span class='ocrx_word' id='word_1_243' title='bbox 945 2319 1037 2370; x_wconf 88' lang='lat' dir='ltr'>sileam</span> <span class='ocrx_word' id='word_1_244' title='bbox 1047 2319 1165 2369; x_wconf 84' lang='lat' dir='ltr'>dedecus</span> <span class='ocrx_word' id='word_1_245' title='bbox 1178 2319 1290 2372; x_wconf 85' lang='lat' dir='ltr'>amissus</span> <span class='ocrx_word' id='word_1_246' title='bbox 1300 2334 1354 2381; x_wconf 74' lang='lat' dir='ltr'>est:</span> 
     </span>
     <span class='ocr_line' id='line_1_30' title="bbox 153 2382 1246 2454; baseline 0 -18"><span class='ocrx_word' id='word_1_247' title='bbox 153 2389 278 2436; x_wconf 74' lang='lat' dir='ltr'>seierum</span> <span class='ocrx_word' id='word_1_248' title='bbox 289 2385 401 2451; x_wconf 90' lang='lat' dir='ltr'>quidem</span> <span class='ocrx_word' id='word_1_249' title='bbox 411 2385 565 2436; x_wconf 87' lang='lat' dir='ltr'>testimonio</span> <span class='ocrx_word' id='word_1_250' title='bbox 577 2382 699 2444; x_wconf 86' lang='lat' dir='ltr'>illustris,</span> <span class='ocrx_word' id='word_1_251' title='bbox 711 2382 783 2448; x_wconf 86' lang='lat' dir='ltr'>apud</span> <span class='ocrx_word' id='word_1_252' title='bbox 793 2399 841 2446; x_wconf 79' lang='lat' dir='ltr'>nos</span> <span class='ocrx_word' id='word_1_253' title='bbox 854 2384 910 2435; x_wconf 88' lang='lat' dir='ltr'>solo</span> <span class='ocrx_word' id='word_1_254' title='bbox 920 2383 977 2454; x_wconf 86' lang='lat' dir='ltr'>jam</span> <span class='ocrx_word' id='word_1_255' title='bbox 987 2387 1092 2436; x_wconf 84' lang='lat' dir='ltr'>nomine</span> <span class='ocrx_word' id='word_1_256' title='bbox 1102 2395 1246 2451; x_wconf 87' lang='lat' dir='ltr'>superstes.</span> 
     </span>
    </p>
   </div>
   <div class='ocr_carea' id='block_1_9' title="bbox 155 2513 1374 2851">
    <p class='ocr_par' dir='ltr' id='par_1_11' title="bbox 693 2513 818 2569">
     <span class='ocr_line' id='line_1_31' title="bbox 693 2513 818 2569; baseline 0 -1"><span class='ocrx_word' id='word_1_257' title='bbox 693 2513 725 2568; x_wconf 70' lang='lat' dir='ltr'><em>L</em></span> <span class='ocrx_word' id='word_1_258' title='bbox 740 2517 818 2569; x_wconf 59' lang='grc' dir='ltr'>νίνου.</span> 
     </span>
    </p>

    <p class='ocr_par' dir='ltr' id='par_1_12' title="bbox 155 2581 1374 2851">
     <span class='ocr_line' id='line_1_32' title="bbox 188 2581 1374 2654; baseline 0.003 -16"><span class='ocrx_word' id='word_1_259' title='bbox 188 2585 331 2638; x_wconf 76' lang='lat' dir='ltr'>Sallustius</span> <span class='ocrx_word' id='word_1_260' title='bbox 352 2601 442 2638; x_wconf 85' lang='lat' dir='ltr'>rerum</span> <span class='ocrx_word' id='word_1_261' title='bbox 460 2589 636 2636; x_wconf 74' lang='lat' dir='ltr'>Romanunm</span> <span class='ocrx_word' id='word_1_262' title='bbox 655 2581 858 2646; x_wconf 76' lang='lat' dir='ltr'>florentissimus</span> <span class='ocrx_word' id='word_1_263' title='bbox 874 2585 1000 2650; x_wconf 86' lang='lat' dir='ltr'>scriptor,</span> <span class='ocrx_word' id='word_1_264' title='bbox 1018 2593 1051 2636; x_wconf 89' lang='lat' dir='ltr'>ut</span> <span class='ocrx_word' id='word_1_265' title='bbox 1067 2585 1154 2654; x_wconf 89' lang='lat' dir='ltr'>inquit</span> <span class='ocrx_word' id='word_1_266' title='bbox 1167 2587 1288 2649; x_wconf 76' lang='lat' dir='ltr'>Tacitus,</span> <span class='ocrx_word' id='word_1_267' title='bbox 1305 2589 1374 2642; x_wconf 81' lang='lat' dir='ltr'>fre--</span> 
     </span>
     <span class='ocr_line' id='line_1_33' title="bbox 155 2651 1358 2726; baseline 0.002 -20"><span class='ocrx_word' id='word_1_268' title='bbox 155 2668 241 2726; x_wconf 85' lang='lat' dir='ltr'>quens</span> <span class='ocrx_word' id='word_1_269' title='bbox 251 2662 297 2706; x_wconf 88' lang='lat' dir='ltr'>est</span> <span class='ocrx_word' id='word_1_270' title='bbox 307 2655 334 2704; x_wconf 92' lang='lat' dir='ltr'>in</span> <span class='ocrx_word' id='word_1_271' title='bbox 347 2651 468 2704; x_wconf 83' lang='lat' dir='ltr'>menibus</span> <span class='ocrx_word' id='word_1_272' title='bbox 478 2665 630 2719; x_wconf 85' lang='lat' dir='ltr'>puerorum,</span> <span class='ocrx_word' id='word_1_273' title='bbox 642 2651 690 2702; x_wconf 89' lang='lat' dir='ltr'>sed</span> <span class='ocrx_word' id='word_1_274' title='bbox 702 2651 766 2702; x_wconf 86' lang='lat' dir='ltr'>mibi</span> <span class='ocrx_word' id='word_1_275' title='bbox 776 2653 864 2717; x_wconf 86' lang='lat' dir='ltr'>aptior</span> <span class='ocrx_word' id='word_1_276' title='bbox 876 2653 984 2704; x_wconf 83' lang='lat' dir='ltr'>videtur</span> <span class='ocrx_word' id='word_1_277' title='bbox 994 2655 1214 2720; x_wconf 84' lang='lat' dir='ltr'>provectioribus.</span> <span class='ocrx_word' id='word_1_278' title='bbox 1243 2657 1358 2708; x_wconf 69' lang='lat' dir='ltr'>latinita-</span> 
     </span>
     <span class='ocr_line' id='line_1_34' title="bbox 155 2720 1356 2788; baseline 0.006 -17"><span class='ocrx_word' id='word_1_279' title='bbox 155 2721 218 2772; x_wconf 87' lang='lat' dir='ltr'>bilis</span> <span class='ocrx_word' id='word_1_280' title='bbox 231 2729 273 2772; x_wconf 86' lang='lat' dir='ltr'>est</span> <span class='ocrx_word' id='word_1_281' title='bbox 289 2722 316 2772; x_wconf 90' lang='lat' dir='ltr'>in</span> <span class='ocrx_word' id='word_1_282' title='bbox 335 2721 408 2774; x_wconf 85' lang='lat' dir='ltr'>illius</span> <span class='ocrx_word' id='word_1_283' title='bbox 421 2720 530 2786; x_wconf 86' lang='lat' dir='ltr'>seriptis</span> <span class='ocrx_word' id='word_1_284' title='bbox 542 2720 641 2786; x_wconf 72' lang='lat' dir='ltr'>gratia:</span> <span class='ocrx_word' id='word_1_285' title='bbox 659 2733 719 2784; x_wconf 81' lang='lat' dir='ltr'>quae</span> <span class='ocrx_word' id='word_1_286' title='bbox 730 2727 943 2786; x_wconf 78' lang='lat' dir='ltr'>quotiescunque</span> <span class='ocrx_word' id='word_1_287' title='bbox 960 2722 1085 2787; x_wconf 85' lang='lat' dir='ltr'>repetita,</span> <span class='ocrx_word' id='word_1_288' title='bbox 1098 2735 1231 2788; x_wconf 84' lang='lat' dir='ltr'>nunquam</span> <span class='ocrx_word' id='word_1_289' title='bbox 1249 2723 1356 2778; x_wconf 76' lang='lat' dir='ltr'>tedium</span> 
     </span>
     <span class='ocr_line' id='line_1_35' title="bbox 155 2782 647 2851; baseline 0 -11"><span class='ocrx_word' id='word_1_290' title='bbox 155 2789 207 2851; x_wconf 91' lang='lat' dir='ltr'>sui,</span> <span class='ocrx_word' id='word_1_291' title='bbox 222 2796 269 2842; x_wconf 84' lang='lat' dir='ltr'>aut</span> <span class='ocrx_word' id='word_1_292' title='bbox 279 2788 430 2846; x_wconf 75' lang='lat' dir='ltr'>satieutem</span> <span class='ocrx_word' id='word_1_293' title='bbox 441 2787 537 2842; x_wconf 81' lang='lat' dir='ltr'>lectori</span> <span class='ocrx_word' id='word_1_294' title='bbox 547 2782 647 2840; x_wconf 74' lang='lat' dir='ltr'>efferat.</span> 
     </span>
    </p>
   </div>
   <div class='ocr_carea' id='block_1_10' title="bbox 155 2921 1363 4472">
    <p class='ocr_par' dir='ltr' id='par_1_13' title="bbox 640 2921 859 2982">
     <span class='ocr_line' id='line_1_36' title="bbox 640 2921 859 2982; baseline 0 -10"><span class='ocrx_word' id='word_1_295' title='bbox 640 2922 702 2982; x_wconf 68' lang='lat' dir='ltr'>on</span> <span class='ocrx_word' id='word_1_296' title='bbox 711 2921 761 2972; x_wconf 74' lang='lat' dir='ltr'>Eat</span> <span class='ocrx_word' id='word_1_297' title='bbox 818 2925 859 2972; x_wconf 77' lang='lat' dir='ltr'>&#39;aa</span> 
     </span>
    </p>

    <p class='ocr_par' dir='ltr' id='par_1_14' title="bbox 155 2938 1363 4472">
     <span class='ocr_line' id='line_1_37' title="bbox 191 2938 1359 3060; baseline 0.003 -18"><span class='ocrx_word' id='word_1_298' title='bbox 191 2991 300 3044; x_wconf 84' lang='lat' dir='ltr'>Nemini</span> <span class='ocrx_word' id='word_1_299' title='bbox 315 2991 428 3044; x_wconf 88' lang='lat' dir='ltr'>dubium</span> <span class='ocrx_word' id='word_1_300' title='bbox 438 2997 482 3044; x_wconf 88' lang='lat' dir='ltr'>est</span> <span class='ocrx_word' id='word_1_301' title='bbox 499 2985 652 3044; x_wconf 68' lang='lat' dir='ltr'>Sebastiam</span> <span class='ocrx_word' id='word_1_302' title='bbox 664 2938 935 3056; x_wconf 46' lang='lat' dir='ltr'>ptumiiiioreique</span> <span class='ocrx_word' id='word_1_303' title='bbox 946 2989 1119 3042; x_wconf 79' lang='lat' dir='ltr'>historiarum</span> <span class='ocrx_word' id='word_1_304' title='bbox 1139 2991 1221 3042; x_wconf 88' lang='lat' dir='ltr'>libros</span> <span class='ocrx_word' id='word_1_305' title='bbox 1235 2994 1359 3060; x_wconf 86' lang='lat' dir='ltr'>scripsis-</span> 
     </span>
     <span class='ocr_line' id='line_1_38' title="bbox 155 3057 1358 3126; baseline 0.001 -14"><span class='ocrx_word' id='word_1_306' title='bbox 155 3075 201 3117; x_wconf 86' lang='lat' dir='ltr'>se:</span> <span class='ocrx_word' id='word_1_307' title='bbox 220 3060 267 3126; x_wconf 91' lang='lat' dir='ltr'>qui</span> <span class='ocrx_word' id='word_1_308' title='bbox 284 3060 382 3125; x_wconf 89' lang='lat' dir='ltr'>partim</span> <span class='ocrx_word' id='word_1_309' title='bbox 400 3066 549 3126; x_wconf 86' lang='lat' dir='ltr'>temporum</span> <span class='ocrx_word' id='word_1_310' title='bbox 569 3057 676 3124; x_wconf 72' lang='lat' dir='ltr'>injuria,</span> <span class='ocrx_word' id='word_1_311' title='bbox 689 3057 787 3120; x_wconf 84' lang='lat' dir='ltr'>partim</span> <span class='ocrx_word' id='word_1_312' title='bbox 805 3057 906 3107; x_wconf 73' lang='lat' dir='ltr'>invidia</span> <span class='ocrx_word' id='word_1_313' title='bbox 923 3057 1058 3108; x_wconf 89' lang='lat' dir='ltr'>hominum</span> <span class='ocrx_word' id='word_1_314' title='bbox 1070 3057 1231 3124; x_wconf 86' lang='lat' dir='ltr'>jamdudum</span> <span class='ocrx_word' id='word_1_315' title='bbox 1244 3063 1358 3126; x_wconf 75' lang='lat' dir='ltr'>periere.</span> 
     </span>
     <span class='ocr_line' id='line_1_39' title="bbox 156 3121 1358 3191; baseline 0.002 -13"><span class='ocrx_word' id='word_1_316' title='bbox 156 3130 251 3190; x_wconf 82' lang='lat' dir='ltr'>Neque</span> <span class='ocrx_word' id='word_1_317' title='bbox 264 3126 408 3178; x_wconf 89' lang='lat' dir='ltr'>absurdum</span> <span class='ocrx_word' id='word_1_318' title='bbox 419 3137 461 3177; x_wconf 88' lang='lat' dir='ltr'>eat</span> <span class='ocrx_word' id='word_1_319' title='bbox 471 3126 534 3178; x_wconf 88' lang='lat' dir='ltr'>inde</span> <span class='ocrx_word' id='word_1_320' title='bbox 544 3123 688 3190; x_wconf 78' lang='lat' dir='ltr'>suspicari,</span> <span class='ocrx_word' id='word_1_321' title='bbox 701 3123 725 3174; x_wconf 83' lang='lat' dir='ltr'>si</span> <span class='ocrx_word' id='word_1_322' title='bbox 739 3122 837 3176; x_wconf 77' lang='lat' dir='ltr'>bellum</span> <span class='ocrx_word' id='word_1_323' title='bbox 850 3121 1051 3190; x_wconf 76' lang='lat' dir='ltr'>iugurthinum,</span> <span class='ocrx_word' id='word_1_324' title='bbox 1063 3124 1137 3191; x_wconf 92' lang='lat' dir='ltr'>quod</span> <span class='ocrx_word' id='word_1_325' title='bbox 1149 3125 1206 3191; x_wconf 88' lang='lat' dir='ltr'>ipse</span> <span class='ocrx_word' id='word_1_326' title='bbox 1218 3141 1270 3176; x_wconf 90' lang='lat' dir='ltr'>non</span> <span class='ocrx_word' id='word_1_327' title='bbox 1281 3129 1358 3190; x_wconf 85' lang='lat' dir='ltr'>vidit,</span> 
     </span>
     <span class='ocr_line' id='line_1_40' title="bbox 156 3189 1359 3261; baseline -0.002 -13"><span class='ocrx_word' id='word_1_328' title='bbox 156 3201 286 3248; x_wconf 82' lang='lat' dir='ltr'>ettamen</span> <span class='ocrx_word' id='word_1_329' title='bbox 299 3193 424 3246; x_wconf 66' lang='lat' dir='ltr'>menis</span> <span class='ocrx_word' id='word_1_330' title='bbox 436 3193 492 3244; x_wconf 88' lang='lat' dir='ltr'>suis</span> <span class='ocrx_word' id='word_1_331' title='bbox 505 3189 544 3244; x_wconf 68' lang='lat' dir='ltr'>ita</span> <span class='ocrx_word' id='word_1_332' title='bbox 556 3191 699 3258; x_wconf 70' lang='lat' dir='ltr'>diligenter</span> <span class='ocrx_word' id='word_1_333' title='bbox 709 3191 822 3250; x_wconf 79' lang='lat' dir='ltr'>noterit,</span> <span class='ocrx_word' id='word_1_334' title='bbox 831 3206 866 3240; x_wconf 87' lang='lat' dir='ltr'>ea</span> <span class='ocrx_word' id='word_1_335' title='bbox 874 3205 983 3259; x_wconf 85' lang='lat' dir='ltr'>quoque</span> <span class='ocrx_word' id='word_1_336' title='bbox 996 3191 1128 3249; x_wconf 78' lang='lat' dir='ltr'>memorie</span> <span class='ocrx_word' id='word_1_337' title='bbox 1139 3191 1287 3256; x_wconf 86' lang='lat' dir='ltr'>mandasse,</span> <span class='ocrx_word' id='word_1_338' title='bbox 1300 3210 1359 3261; x_wconf 80' lang='lat' dir='ltr'>que</span> 
     </span>
     <span class='ocr_line' id='line_1_41' title="bbox 157 3256 1359 3328; baseline 0.002 -15"><span class='ocrx_word' id='word_1_339' title='bbox 157 3278 207 3314; x_wconf 89' lang='lat' dir='ltr'>suo</span> <span class='ocrx_word' id='word_1_340' title='bbox 219 3271 338 3328; x_wconf 86' lang='lat' dir='ltr'>tempore</span> <span class='ocrx_word' id='word_1_341' title='bbox 351 3256 520 3325; x_wconf 81' lang='lat' dir='ltr'>potissimum</span> <span class='ocrx_word' id='word_1_342' title='bbox 532 3259 685 3324; x_wconf 71' lang='lat' dir='ltr'>configere:</span> <span class='ocrx_word' id='word_1_343' title='bbox 703 3257 926 3323; x_wconf 68' lang='lat' dir='ltr'>quemadmodum</span> <span class='ocrx_word' id='word_1_344' title='bbox 944 3261 1138 3310; x_wconf 85' lang='lat' dir='ltr'>contentionem</span> <span class='ocrx_word' id='word_1_345' title='bbox 1155 3259 1223 3312; x_wconf 88' lang='lat' dir='ltr'>inter</span> <span class='ocrx_word' id='word_1_346' title='bbox 1240 3263 1359 3314; x_wconf 82' lang='lat' dir='ltr'>Marium</span> 
     </span>
     <span class='ocr_line' id='line_1_42' title="bbox 157 3324 1359 3396; baseline 0.002 -17"><span class='ocrx_word' id='word_1_347' title='bbox 157 3329 311 3396; x_wconf 81' lang='lat' dir='ltr'>Sullamque</span> <span class='ocrx_word' id='word_1_348' title='bbox 324 3334 421 3387; x_wconf 85' lang='lat' dir='ltr'>ortam,</span> <span class='ocrx_word' id='word_1_349' title='bbox 430 3327 466 3376; x_wconf 92' lang='lat' dir='ltr'>ob</span> <span class='ocrx_word' id='word_1_350' title='bbox 478 3325 576 3377; x_wconf 85' lang='lat' dir='ltr'>bellurn</span> <span class='ocrx_word' id='word_1_351' title='bbox 590 3324 821 3379; x_wconf 84' lang='lat' dir='ltr'>Mithridaticum:</span> <span class='ocrx_word' id='word_1_352' title='bbox 839 3327 954 3386; x_wconf 82' lang='lat' dir='ltr'>Octavii,</span> <span class='ocrx_word' id='word_1_353' title='bbox 966 3327 1099 3392; x_wconf 74' lang='lat' dir='ltr'>Mariique</span> <span class='ocrx_word' id='word_1_354' title='bbox 1112 3339 1220 3380; x_wconf 87' lang='lat' dir='ltr'>necem:</span> <span class='ocrx_word' id='word_1_355' title='bbox 1238 3327 1359 3381; x_wconf 82' lang='lat' dir='ltr'>Africam</span> 
     </span>
     <span class='ocr_line' id='line_1_43' title="bbox 158 3389 1358 3460; baseline 0 -12"><span class='ocrx_word' id='word_1_356' title='bbox 158 3397 280 3460; x_wconf 87' lang='lat' dir='ltr'>Pompeii</span> <span class='ocrx_word' id='word_1_357' title='bbox 291 3395 383 3460; x_wconf 63' lang='lat' dir='ltr'>Magni</span> <span class='ocrx_word' id='word_1_358' title='bbox 397 3394 550 3445; x_wconf 86' lang='lat' dir='ltr'>victoriam:</span> <span class='ocrx_word' id='word_1_359' title='bbox 569 3393 646 3442; x_wconf 83' lang='lat' dir='ltr'>Sullte</span> <span class='ocrx_word' id='word_1_360' title='bbox 657 3389 839 3457; x_wconf 82' lang='lat' dir='ltr'>tyrannidem:</span> <span class='ocrx_word' id='word_1_361' title='bbox 856 3393 964 3445; x_wconf 86' lang='lat' dir='ltr'>Metelli</span> <span class='ocrx_word' id='word_1_362' title='bbox 982 3395 1156 3460; x_wconf 86' lang='lat' dir='ltr'>Pompeiique</span> <span class='ocrx_word' id='word_1_363' title='bbox 1173 3393 1200 3444; x_wconf 88' lang='lat' dir='ltr'>in</span> <span class='ocrx_word' id='word_1_364' title='bbox 1219 3396 1358 3460; x_wconf 81' lang='lat' dir='ltr'>Hispanias</span> 
     </span>
     <span class='ocr_line' id='line_1_44' title="bbox 157 3457 1360 3530; baseline -0.005 -18"><span class='ocrx_word' id='word_1_365' title='bbox 157 3463 310 3514; x_wconf 86' lang='lat' dir='ltr'>missionem</span> <span class='ocrx_word' id='word_1_366' title='bbox 320 3501 325 3510; x_wconf 92' lang='lat'><em>.</em></span> <span class='ocrx_word' id='word_1_367' title='bbox 338 3461 458 3522; x_wconf 87' lang='lat' dir='ltr'>Sertorii,</span> <span class='ocrx_word' id='word_1_368' title='bbox 465 3472 613 3528; x_wconf 74' lang='lat' dir='ltr'>pugnaque</span> <span class='ocrx_word' id='word_1_369' title='bbox 623 3457 784 3526; x_wconf 80' lang='lat' dir='ltr'>ejusltnem:</span> <span class='ocrx_word' id='word_1_370' title='bbox 798 3458 979 3513; x_wconf 81' lang='lat' dir='ltr'>Gladiatorem</span> <span class='ocrx_word' id='word_1_371' title='bbox 989 3459 1088 3512; x_wconf 88' lang='lat' dir='ltr'>bellum</span> <span class='ocrx_word' id='word_1_372' title='bbox 1098 3477 1104 3506; x_wconf 78' lang='grc' dir='ltr'><strong>ι</strong></span> <span class='ocrx_word' id='word_1_373' title='bbox 1117 3460 1294 3512; x_wconf 84' lang='lat' dir='ltr'>Tribunatum</span> <span class='ocrx_word' id='word_1_374' title='bbox 1304 3463 1360 3530; x_wconf 88' lang='lat' dir='ltr'>ple.</span> 
     </span>
     <span class='ocr_line' id='line_1_45' title="bbox 157 3527 1359 3598; baseline 0.001 -17"><span class='ocrx_word' id='word_1_375' title='bbox 157 3530 185 3581; x_wconf 91' lang='lat' dir='ltr'>bi</span> <span class='ocrx_word' id='word_1_376' title='bbox 197 3530 351 3583; x_wconf 86' lang='lat' dir='ltr'>restitutum</span> <span class='ocrx_word' id='word_1_377' title='bbox 360 3535 371 3578; x_wconf 74' lang='grc' dir='ltr'>ε’</span> <span class='ocrx_word' id='word_1_378' title='bbox 381 3531 535 3594; x_wconf 78' lang='lat' dir='ltr'>Pyrstarum</span> <span class='ocrx_word' id='word_1_379' title='bbox 548 3527 677 3578; x_wconf 84' lang='lat' dir='ltr'>exitium:</span> <span class='ocrx_word' id='word_1_380' title='bbox 690 3527 793 3592; x_wconf 83' lang='lat' dir='ltr'>Syriam</span> <span class='ocrx_word' id='word_1_381' title='bbox 802 3527 900 3578; x_wconf 81' lang='lat' dir='ltr'>victam</span> <span class='ocrx_word' id='word_1_382' title='bbox 910 3548 917 3577; x_wconf 90' lang='lat'>:</span> <span class='ocrx_word' id='word_1_383' title='bbox 929 3535 959 3578; x_wconf 89' lang='lat' dir='ltr'>et</span> <span class='ocrx_word' id='word_1_384' title='bbox 968 3543 1029 3578; x_wconf 89' lang='lat' dir='ltr'>eum</span> <span class='ocrx_word' id='word_1_385' title='bbox 1037 3527 1080 3578; x_wconf 88' lang='lat' dir='ltr'>his</span> <span class='ocrx_word' id='word_1_386' title='bbox 1092 3529 1219 3593; x_wconf 85' lang='lat' dir='ltr'>pleraque</span> <span class='ocrx_word' id='word_1_387' title='bbox 1231 3528 1291 3591; x_wconf 88' lang='lat' dir='ltr'>alia,</span> <span class='ocrx_word' id='word_1_388' title='bbox 1299 3545 1359 3598; x_wconf 81' lang='lat' dir='ltr'>quae</span> 
     </span>
     <span class='ocr_line' id='line_1_46' title="bbox 158 3593 1360 3660; baseline 0 -12"><span class='ocrx_word' id='word_1_389' title='bbox 158 3595 175 3648; x_wconf 73' lang='grc' dir='ltr'>ὲ</span> <span class='ocrx_word' id='word_1_390' title='bbox 185 3597 305 3648; x_wconf 86' lang='lat' dir='ltr'>Sallustii</span> <span class='ocrx_word' id='word_1_391' title='bbox 317 3596 457 3646; x_wconf 74' lang='lat' dir='ltr'>nativitate</span> <span class='ocrx_word' id='word_1_392' title='bbox 466 3607 547 3658; x_wconf 87' lang='lat' dir='ltr'>usque</span> <span class='ocrx_word' id='word_1_393' title='bbox 559 3593 594 3644; x_wconf 87' lang='lat' dir='ltr'>ad</span> <span class='ocrx_word' id='word_1_394' title='bbox 602 3593 722 3645; x_wconf 76' lang='lat' dir='ltr'>Catilinae</span> <span class='ocrx_word' id='word_1_395' title='bbox 731 3593 952 3658; x_wconf 85' lang='lat' dir='ltr'>conspirationem</span> <span class='ocrx_word' id='word_1_396' title='bbox 961 3602 1038 3660; x_wconf 80' lang='lat' dir='ltr'>gesta</span> <span class='ocrx_word' id='word_1_397' title='bbox 1046 3601 1118 3655; x_wconf 90' lang='lat' dir='ltr'>sunt,</span> <span class='ocrx_word' id='word_1_398' title='bbox 1128 3594 1173 3643; x_wconf 92' lang='lat' dir='ltr'>ubi</span> <span class='ocrx_word' id='word_1_399' title='bbox 1185 3595 1360 3648; x_wconf 76' lang='lat' dir='ltr'>interfuerant</span> 
     </span>
     <span class='ocr_line' id='line_1_47' title="bbox 158 3657 1360 3730; baseline -0.001 -14"><span class='ocrx_word' id='word_1_400' title='bbox 158 3665 219 3716; x_wconf 86' lang='lat' dir='ltr'>anni</span> <span class='ocrx_word' id='word_1_401' title='bbox 232 3665 320 3713; x_wconf 84' lang='lat' dir='ltr'>exaoti</span> <span class='ocrx_word' id='word_1_402' title='bbox 332 3663 427 3730; x_wconf 78' lang='lat' dir='ltr'>viginti</span> <span class='ocrx_word' id='word_1_403' title='bbox 438 3670 467 3714; x_wconf 88' lang='lat' dir='ltr'>et</span> <span class='ocrx_word' id='word_1_404' title='bbox 478 3665 602 3730; x_wconf 88' lang='lat' dir='ltr'>quinque.</span> <span class='ocrx_word' id='word_1_405' title='bbox 636 3660 749 3723; x_wconf 86' lang='lat' dir='ltr'>Deinde,</span> <span class='ocrx_word' id='word_1_406' title='bbox 762 3657 780 3712; x_wconf 67' lang='lat' dir='ltr'>a</span> <span class='ocrx_word' id='word_1_407' title='bbox 792 3661 911 3712; x_wconf 83' lang='lat' dir='ltr'>Catilinae</span> <span class='ocrx_word' id='word_1_408' title='bbox 921 3661 1103 3726; x_wconf 85' lang='lat' dir='ltr'>conjuratione</span> <span class='ocrx_word' id='word_1_409' title='bbox 1116 3675 1199 3728; x_wconf 89' lang='lat' dir='ltr'>usque</span> <span class='ocrx_word' id='word_1_410' title='bbox 1212 3663 1245 3714; x_wconf 89' lang='lat' dir='ltr'>ad</span> <span class='ocrx_word' id='word_1_411' title='bbox 1258 3665 1360 3720; x_wconf 78' lang='lat' dir='ltr'>Salius-</span> 
     </span>
     <span class='ocr_line' id='line_1_48' title="bbox 157 3727 1361 3797; baseline 0.002 -15"><span class='ocrx_word' id='word_1_412' title='bbox 157 3732 189 3782; x_wconf 88' lang='lat' dir='ltr'>tii</span> <span class='ocrx_word' id='word_1_413' title='bbox 203 3731 303 3789; x_wconf 90' lang='lat' dir='ltr'>obitus,</span> <span class='ocrx_word' id='word_1_414' title='bbox 312 3730 392 3780; x_wconf 87' lang='lat' dir='ltr'>etiam</span> <span class='ocrx_word' id='word_1_415' title='bbox 405 3729 488 3782; x_wconf 84' lang='lat' dir='ltr'>ardua</span> <span class='ocrx_word' id='word_1_416' title='bbox 500 3729 571 3780; x_wconf 91' lang='lat' dir='ltr'>haud</span> <span class='ocrx_word' id='word_1_417' title='bbox 582 3741 667 3792; x_wconf 84' lang='lat' dir='ltr'>panea</span> <span class='ocrx_word' id='word_1_418' title='bbox 678 3727 848 3780; x_wconf 87' lang='lat' dir='ltr'>aeciderunt:</span> <span class='ocrx_word' id='word_1_419' title='bbox 859 3729 941 3789; x_wconf 86' lang='lat' dir='ltr'>velut,</span> <span class='ocrx_word' id='word_1_420' title='bbox 953 3729 1047 3794; x_wconf 80' lang='lat' dir='ltr'>Magni</span> <span class='ocrx_word' id='word_1_421' title='bbox 1062 3728 1179 3794; x_wconf 82' lang='lat' dir='ltr'>Pompeii</span> <span class='ocrx_word' id='word_1_422' title='bbox 1193 3731 1361 3797; x_wconf 88' lang='lat' dir='ltr'>triumphus:</span> 
     </span>
     <span class='ocr_line' id='line_1_49' title="bbox 156 3795 1361 3864; baseline 0.002 -16"><span class='ocrx_word' id='word_1_423' title='bbox 156 3799 296 3864; x_wconf 75' lang='lat' dir='ltr'>Ciceronis</span> <span class='ocrx_word' id='word_1_424' title='bbox 308 3799 443 3857; x_wconf 86' lang='lat' dir='ltr'>exsilium,</span> <span class='ocrx_word' id='word_1_425' title='bbox 454 3804 483 3848; x_wconf 90' lang='lat' dir='ltr'>et</span> <span class='ocrx_word' id='word_1_426' title='bbox 493 3795 652 3848; x_wconf 76' lang='lat' dir='ltr'>trucidatio:</span> <span class='ocrx_word' id='word_1_427' title='bbox 667 3795 795 3846; x_wconf 83' lang='lat' dir='ltr'>Gallicum</span> <span class='ocrx_word' id='word_1_428' title='bbox 810 3795 907 3848; x_wconf 90' lang='lat' dir='ltr'>bellum</span> <span class='ocrx_word' id='word_1_429' title='bbox 919 3814 925 3844; x_wconf 91' lang='lat'>:</span> <span class='ocrx_word' id='word_1_430' title='bbox 937 3795 1048 3846; x_wconf 83' lang='lat' dir='ltr'>Clodius</span> <span class='ocrx_word' id='word_1_431' title='bbox 1060 3795 1233 3848; x_wconf 85' lang='lat' dir='ltr'>interemtus:</span> <span class='ocrx_word' id='word_1_432' title='bbox 1250 3799 1361 3864; x_wconf 85' lang='lat' dir='ltr'>respub·</span> 
     </span>
     <span class='ocr_line' id='line_1_50' title="bbox 156 3860 1361 3934; baseline 0 -16"><span class='ocrx_word' id='word_1_433' title='bbox 156 3867 210 3918; x_wconf 84' lang='lat' dir='ltr'>lica</span> <span class='ocrx_word' id='word_1_434' title='bbox 221 3879 367 3934; x_wconf 82' lang='lat' dir='ltr'>oppressa:</span> <span class='ocrx_word' id='word_1_435' title='bbox 381 3865 504 3914; x_wconf 83' lang='lat' dir='ltr'>Africana</span> <span class='ocrx_word' id='word_1_436' title='bbox 514 3863 666 3929; x_wconf 84' lang='lat' dir='ltr'>expeditio:</span> <span class='ocrx_word' id='word_1_437' title='bbox 679 3863 765 3914; x_wconf 81' lang='lat' dir='ltr'>lulius</span> <span class='ocrx_word' id='word_1_438' title='bbox 777 3864 863 3913; x_wconf 78' lang='lat' dir='ltr'>Cesar</span> <span class='ocrx_word' id='word_1_439' title='bbox 874 3860 1027 3914; x_wconf 82' lang='lat' dir='ltr'>confossus:</span> <span class='ocrx_word' id='word_1_440' title='bbox 1045 3863 1184 3914; x_wconf 85' lang='lat' dir='ltr'>Octaviani</span> <span class='ocrx_word' id='word_1_441' title='bbox 1196 3867 1266 3931; x_wconf 81' lang='lat' dir='ltr'>Aug.</span> <span class='ocrx_word' id='word_1_442' title='bbox 1279 3867 1361 3932; x_wconf 85' lang='lat' dir='ltr'>impe·</span> 
     </span>
     <span class='ocr_line' id='line_1_51' title="bbox 158 3926 1361 3998; baseline 0 -14"><span class='ocrx_word' id='word_1_443' title='bbox 158 3935 246 3994; x_wconf 81' lang='lat' dir='ltr'>rium:</span> <span class='ocrx_word' id='word_1_444' title='bbox 258 3937 288 3987; x_wconf 77' lang='lat' dir='ltr'>b.</span> <span class='ocrx_word' id='word_1_445' title='bbox 301 3932 413 3982; x_wconf 76' lang='lat' dir='ltr'>Antonii</span> <span class='ocrx_word' id='word_1_446' title='bbox 426 3931 527 3982; x_wconf 87' lang='lat' dir='ltr'>seditio.</span> <span class='ocrx_word' id='word_1_447' title='bbox 562 3933 650 3988; x_wconf 84' lang='lat' dir='ltr'>Quare</span> <span class='ocrx_word' id='word_1_448' title='bbox 666 3929 737 3980; x_wconf 86' lang='lat' dir='ltr'>haud</span> <span class='ocrx_word' id='word_1_449' title='bbox 748 3926 826 3983; x_wconf 74' lang='lat' dir='ltr'>facite</span> <span class='ocrx_word' id='word_1_450' title='bbox 839 3929 953 3992; x_wconf 89' lang='lat' dir='ltr'>creditu,</span> <span class='ocrx_word' id='word_1_451' title='bbox 966 3935 1020 3980; x_wconf 86' lang='lat' dir='ltr'>tum</span> <span class='ocrx_word' id='word_1_452' title='bbox 1033 3929 1191 3998; x_wconf 85' lang='lat' dir='ltr'>diligentem</span> <span class='ocrx_word' id='word_1_453' title='bbox 1203 3932 1361 3984; x_wconf 87' lang='lat' dir='ltr'>historicum</span> 
     </span>
     <span class='ocr_line' id='line_1_52' title="bbox 158 3995 1362 4064; baseline -0.001 -13"><span class='ocrx_word' id='word_1_454' title='bbox 158 4001 214 4052; x_wconf 85' lang='lat' dir='ltr'>haec</span> <span class='ocrx_word' id='word_1_455' title='bbox 232 4005 351 4054; x_wconf 84' lang='lat' dir='ltr'>Romana</span> <span class='ocrx_word' id='word_1_456' title='bbox 370 3997 501 4050; x_wconf 90' lang='lat' dir='ltr'>omisisse.</span> <span class='ocrx_word' id='word_1_457' title='bbox 534 3999 588 4050; x_wconf 78' lang='lat' dir='ltr'>Sed</span> <span class='ocrx_word' id='word_1_458' title='bbox 605 3998 740 4062; x_wconf 84' lang='lat' dir='ltr'>hane,pro</span> <span class='ocrx_word' id='word_1_459' title='bbox 756 3996 845 4046; x_wconf 87' lang='lat' dir='ltr'>dolor!</span> <span class='ocrx_word' id='word_1_460' title='bbox 860 3995 993 4064; x_wconf 84' lang='lat' dir='ltr'>jacturam</span> <span class='ocrx_word' id='word_1_461' title='bbox 1010 3995 1138 4048; x_wconf 89' lang='lat' dir='ltr'>debemus</span> <span class='ocrx_word' id='word_1_462' title='bbox 1156 4007 1202 4048; x_wconf 89' lang='lat' dir='ltr'>aut</span> <span class='ocrx_word' id='word_1_463' title='bbox 1221 3997 1315 4050; x_wconf 83' lang='lat' dir='ltr'>Gothis</span> <span class='ocrx_word' id='word_1_464' title='bbox 1332 4009 1362 4054; x_wconf 88' lang='lat' dir='ltr'>et</span> 
     </span>
     <span class='ocr_line' id='line_1_53' title="bbox 159 4063 1362 4121; baseline 0 -2"><span class='ocrx_word' id='word_1_465' title='bbox 159 4069 285 4121; x_wconf 80' lang='lat' dir='ltr'>Vandalis</span> <span class='ocrx_word' id='word_1_466' title='bbox 302 4065 375 4118; x_wconf 86' lang='lat' dir='ltr'>orbis</span> <span class='ocrx_word' id='word_1_467' title='bbox 389 4065 603 4116; x_wconf 84' lang='lat' dir='ltr'>devastatoribus</span> <span class='ocrx_word' id='word_1_468' title='bbox 615 4084 621 4113; x_wconf 91' lang='lat'>:</span> <span class='ocrx_word' id='word_1_469' title='bbox 632 4072 685 4113; x_wconf 78' lang='lat' dir='ltr'>&#39;sut</span> <span class='ocrx_word' id='word_1_470' title='bbox 695 4064 877 4114; x_wconf 85' lang='lat' dir='ltr'>Ciceronianis</span> <span class='ocrx_word' id='word_1_471' title='bbox 888 4063 931 4116; x_wconf 89' lang='lat' dir='ltr'>vel</span> <span class='ocrx_word' id='word_1_472' title='bbox 947 4065 1065 4114; x_wconf 83' lang='lat' dir='ltr'>Livianis</span> <span class='ocrx_word' id='word_1_473' title='bbox 1077 4065 1206 4116; x_wconf 86' lang='lat' dir='ltr'>Sallustio</span> <span class='ocrx_word' id='word_1_474' title='bbox 1218 4063 1362 4119; x_wconf 77' lang='lat' dir='ltr'>intensissi-</span> 
     </span>
     <span class='ocr_line' id='line_1_54' title="bbox 161 4128 1361 4198; baseline 0 -12"><span class='ocrx_word' id='word_1_475' title='bbox 161 4134 227 4186; x_wconf 88' lang='lat' dir='ltr'>tnis:</span> <span class='ocrx_word' id='word_1_476' title='bbox 245 4151 305 4186; x_wconf 76' lang='lat' dir='ltr'>nam</span> <span class='ocrx_word' id='word_1_477' title='bbox 321 4137 372 4186; x_wconf 86' lang='lat' dir='ltr'>iste</span> <span class='ocrx_word' id='word_1_478' title='bbox 383 4134 527 4184; x_wconf 85' lang='lat' dir='ltr'>Patavinus</span> <span class='ocrx_word' id='word_1_479' title='bbox 536 4140 602 4182; x_wconf 87' lang='lat' dir='ltr'>tunc</span> <span class='ocrx_word' id='word_1_480' title='bbox 613 4131 706 4197; x_wconf 78' lang='lat' dir='ltr'>viginti</span> <span class='ocrx_word' id='word_1_481' title='bbox 719 4138 834 4198; x_wconf 86' lang='lat' dir='ltr'>quatuor</span> <span class='ocrx_word' id='word_1_482' title='bbox 844 4145 969 4182; x_wconf 85' lang='lat' dir='ltr'>annorum</span> <span class='ocrx_word' id='word_1_483' title='bbox 981 4141 1058 4184; x_wconf 85' lang='lat' dir='ltr'>natus</span> <span class='ocrx_word' id='word_1_484' title='bbox 1071 4141 1137 4192; x_wconf 85' lang='lat' dir='ltr'>erat,</span> <span class='ocrx_word' id='word_1_485' title='bbox 1147 4128 1208 4182; x_wconf 77' lang='lat' dir='ltr'>oiim</span> <span class='ocrx_word' id='word_1_486' title='bbox 1221 4131 1361 4190; x_wconf 82' lang='lat' dir='ltr'>Sallustius</span> 
     </span>
     <span class='ocr_line' id='line_1_55' title="bbox 160 4194 1363 4268; baseline -0.005 -16"><span class='ocrx_word' id='word_1_487' title='bbox 160 4217 198 4252; x_wconf 86' lang='lat' dir='ltr'>ex</span> <span class='ocrx_word' id='word_1_488' title='bbox 207 4202 328 4254; x_wconf 86' lang='lat' dir='ltr'>humanis</span> <span class='ocrx_word' id='word_1_489' title='bbox 337 4201 437 4254; x_wconf 83' lang='lat' dir='ltr'>cessit:</span> <span class='ocrx_word' id='word_1_490' title='bbox 449 4199 527 4268; x_wconf 84' lang='lat' dir='ltr'>eujus</span> <span class='ocrx_word' id='word_1_491' title='bbox 540 4199 648 4250; x_wconf 87' lang='lat' dir='ltr'>tandem</span> <span class='ocrx_word' id='word_1_492' title='bbox 661 4198 723 4251; x_wconf 87' lang='lat' dir='ltr'>libri</span> <span class='ocrx_word' id='word_1_493' title='bbox 735 4199 814 4254; x_wconf 86' lang='lat' dir='ltr'>etiarn</span> <span class='ocrx_word' id='word_1_494' title='bbox 827 4194 966 4266; x_wconf 64' lang='lat' dir='ltr'>ejectura,</span> <span class='ocrx_word' id='word_1_495' title='bbox 978 4199 1130 4264; x_wconf 84' lang='lat' dir='ltr'>quatumvis</span> <span class='ocrx_word' id='word_1_496' title='bbox 1140 4197 1256 4254; x_wconf 87' lang='lat' dir='ltr'>mitiore,</span> <span class='ocrx_word' id='word_1_497' title='bbox 1268 4197 1363 4252; x_wconf 88' lang='lat' dir='ltr'>immu.</span> 
     </span>
     <span class='ocr_line' id='line_1_56' title="bbox 161 4263 1360 4332; baseline -0.001 -12"><span class='ocrx_word' id='word_1_498' title='bbox 161 4283 209 4320; x_wconf 87' lang='lat' dir='ltr'>nes</span> <span class='ocrx_word' id='word_1_499' title='bbox 221 4284 272 4318; x_wconf 90' lang='lat' dir='ltr'>non</span> <span class='ocrx_word' id='word_1_500' title='bbox 282 4269 397 4321; x_wconf 78' lang='lat' dir='ltr'>luerunt</span> <span class='ocrx_word' id='word_1_501' title='bbox 430 4270 475 4320; x_wconf 87' lang='lat' dir='ltr'>Sic</span> <span class='ocrx_word' id='word_1_502' title='bbox 486 4281 520 4318; x_wconf 85' lang='lat' dir='ltr'>ex</span> <span class='ocrx_word' id='word_1_503' title='bbox 532 4267 607 4320; x_wconf 85' lang='lat' dir='ltr'>Livio</span> <span class='ocrx_word' id='word_1_504' title='bbox 619 4280 711 4332; x_wconf 86' lang='lat' dir='ltr'>parum</span> <span class='ocrx_word' id='word_1_505' title='bbox 724 4276 858 4332; x_wconf 88' lang='lat' dir='ltr'>superest:</span> <span class='ocrx_word' id='word_1_506' title='bbox 877 4281 912 4316; x_wconf 81' lang='lat' dir='ltr'>ex</span> <span class='ocrx_word' id='word_1_507' title='bbox 926 4266 1008 4316; x_wconf 77' lang='lat' dir='ltr'>Ennio</span> <span class='ocrx_word' id='word_1_508' title='bbox 1021 4265 1078 4316; x_wconf 77' lang='lat' dir='ltr'>tere</span> <span class='ocrx_word' id='word_1_509' title='bbox 1090 4263 1171 4316; x_wconf 90' lang='lat' dir='ltr'>nihil:</span> <span class='ocrx_word' id='word_1_510' title='bbox 1189 4279 1223 4316; x_wconf 86' lang='lat' dir='ltr'>ex</span> <span class='ocrx_word' id='word_1_511' title='bbox 1235 4266 1360 4319; x_wconf 87' lang='lat' dir='ltr'>Sallustio</span> 
     </span>
     <span class='ocr_line' id='line_1_57' title="bbox 160 4331 1362 4402; baseline 0 -16"><span class='ocrx_word' id='word_1_512' title='bbox 160 4331 256 4402; x_wconf 80' lang='lat' dir='ltr'>pauca,</span> <span class='ocrx_word' id='word_1_513' title='bbox 268 4333 308 4386; x_wconf 85' lang='lat' dir='ltr'>uti</span> <span class='ocrx_word' id='word_1_514' title='bbox 320 4352 362 4390; x_wconf 88' lang='lat' dir='ltr'>res</span> <span class='ocrx_word' id='word_1_515' title='bbox 374 4335 494 4387; x_wconf 84' lang='lat' dir='ltr'>humanae</span> <span class='ocrx_word' id='word_1_516' title='bbox 505 4349 610 4400; x_wconf 88' lang='lat' dir='ltr'>semper</span> <span class='ocrx_word' id='word_1_517' title='bbox 623 4333 736 4386; x_wconf 85' lang='lat' dir='ltr'>fuerunt.</span> <span class='ocrx_word' id='word_1_518' title='bbox 762 4333 947 4385; x_wconf 73' lang='lat' dir='ltr'>l&#39;raeterednos</span> <span class='ocrx_word' id='word_1_519' title='bbox 958 4334 1003 4383; x_wconf 88' lang='lat' dir='ltr'>abs</span> <span class='ocrx_word' id='word_1_520' title='bbox 1014 4349 1052 4392; x_wconf 88' lang='lat' dir='ltr'>re,</span> <span class='ocrx_word' id='word_1_521' title='bbox 1064 4331 1079 4382; x_wconf 70' lang='grc' dir='ltr'>ὲ</span> <span class='ocrx_word' id='word_1_522' title='bbox 1092 4331 1249 4398; x_wconf 89' lang='lat' dir='ltr'>quibusdam</span> <span class='ocrx_word' id='word_1_523' title='bbox 1261 4334 1362 4386; x_wconf 87' lang='lat' dir='ltr'>dicitur</span> 
     </span>
     <span class='ocr_line' id='line_1_58' title="bbox 160 4397 1359 4472; baseline -0.002 -20"><span class='ocrx_word' id='word_1_524' title='bbox 160 4402 334 4468; x_wconf 78' lang='lat' dir='ltr'>inimitabilis,</span> <span class='ocrx_word' id='word_1_525' title='bbox 343 4403 428 4460; x_wconf 83' lang='lat' dir='ltr'>veluti</span> <span class='ocrx_word' id='word_1_526' title='bbox 437 4403 522 4472; x_wconf 85' lang='lat' dir='ltr'>liquet</span> <span class='ocrx_word' id='word_1_527' title='bbox 533 4403 577 4462; x_wconf 79' lang='lat' dir='ltr'>vel</span> <span class='ocrx_word' id='word_1_528' title='bbox 585 4415 619 4456; x_wconf 76' lang='lat' dir='ltr'>ex</span> <span class='ocrx_word' id='word_1_529' title='bbox 629 4402 788 4460; x_wconf 73' lang='lat' dir='ltr'>ausoribus,</span> <span class='ocrx_word' id='word_1_530' title='bbox 796 4401 841 4464; x_wconf 87' lang='lat' dir='ltr'>qui</span> <span class='ocrx_word' id='word_1_531' title='bbox 850 4407 911 4466; x_wconf 85' lang='lat' dir='ltr'>post</span> <span class='ocrx_word' id='word_1_532' title='bbox 920 4415 981 4454; x_wconf 87' lang='lat' dir='ltr'>eum</span> <span class='ocrx_word' id='word_1_533' title='bbox 992 4401 1025 4452; x_wconf 91' lang='lat' dir='ltr'>de</span> <span class='ocrx_word' id='word_1_534' title='bbox 1036 4397 1173 4466; x_wconf 75' lang='lat' dir='ltr'>iugurtha</span> <span class='ocrx_word' id='word_1_535' title='bbox 1184 4399 1359 4466; x_wconf 80' lang='lat' dir='ltr'>seripserunt:</span> 
     </span>
    </p>
   </div>
   <div class='ocr_carea' id='block_1_11' title="bbox 0 0 1554 5034">
    <p class='ocr_par' dir='ltr' id='par_1_15' title="bbox 0 0 1554 5034">
     <span class='ocr_line' id='line_1_59' title="bbox 0 0 1554 5034; baseline 0 0"><span class='ocrx_word' id='word_1_536' title='bbox 0 0 1554 5034; x_wconf 95' lang='lat' dir='ltr'> </span> 
     </span>
    </p>
   </div>
  </div>
 </body>
</html>
