3034 5054
542 350 865 428 FRAGMENTA·
1237 357 1316 425 203-

127 535 206 600 -M.
229 533 411 600 ²Antonius
431 533 598 620 perdendae
620 538 760 620 pecunie
783 533 908 620 genitus
922 551 1104 617 vacuusque
1122 527 1221 608 'curia
1238 531 1300 596 nisi

106 621 304 687 instantibus.
328 623 418 686 Idem.

152 709 270 773 Muros
284 721 506 772 successerant.
530 709 622 773 Idem.

152 793 298 878 Saxaque
313 795 463 878 ingentia,
478 809 510 857 et
524 791 603 858 baxe
616 794 726 860 vinctae
741 796 844 858 trabes
859 815 917 878 per
930 812 1064 877 pronum
1081 793 1301 872 incitabantur,

106 880 282 962 artibusque
297 882 476 944 eminebant
491 881 524 943 in
539 881 670 947 modum
685 880 795 946 eericii
812 881 956 944 militaris
972 877 1104 944 dveruta
1119 880 1229 944 binium
1245 899 1299 963 pe·

105 967 199 1033 dum.
220 965 302 1030 Nan.
317 967 456 1030 Servius.
870 988 873 994 ¹

152 1054 324 1117 Octavium
335 1052 460 1130 mitum,
472 1067 504 1117 et
517 1068 641 1136 captum
654 1054 798 1139 pedibus.
821 1053 981 1118 Ariusium,

149 1137 278 1221 rigitur
297 1137 487 1202 discubuere
513 1139 671 1204 Sertorius
694 1141 824 1204 inferior
847 1142 879 1204 in
905 1140 1023 1215 medio,
1045 1159 1139 1222 super
1161 1160 1234 1202 eum
1258 1139 1300 1204 L.

92 1219 118 1264 ³
125 1223 243 1288 Fabius
256 1223 474 1306 Hispaniensis
490 1242 615 1288 senator
626 1247 667 1288 ex
682 1226 882 1310 proscriptis:
900 1223 932 1288 in
948 1245 1074 1288 summo
1087 1224 1258 1300 Antonius,
1270 1238 1302 1286 et

102 1307 189 1373 infra
207 1308 309 1370 scriba
322 1308 461 1373 ¹Sertorii
477 1311 631 1386 Versius;
654 1327 685 1374 et
701 1316 778 1375 alter
797 1312 897 1374 scriba
914 1309 1073 1373 Maecenas
1091 1312 1123 1372 in
1141 1311 1217 1388 imo,
1233 1329 1300 1372 tne-

102 1395 180 1458 dius
192 1394 276 1456 inter
287 1393 490 1478 Tarquitium
505 1412 538 1460 et
550 1398 715 1462 dominum
731 1398 936 1482 Perpennam.
963 1397 1043 1459 Non.
1061 1397 1148 1459 Serv.

150 1479 298 1554 Quarum
317 1501 414 1544 unum
429 1484 592 1566 epistolam
606 1481 688 1545 sorte
704 1505 777 1546 cum
792 1503 885 1550 servu
898 1484 979 1548 nacti
1000 1483 1188 1567 praedatores
1204 1479 1309 1566 Vale·-

99 1565 186 1644 riani
201 1566 390 1656 {scorpione
402 1567 546 1634 incastra
556 1567 684 1636 misere.
696 1567 787 1638 'Nou

640 1821 778 1866 unt—u*

530 2086 533 2094 ·
588 2047 736 2116 LIBER
757 2047 821 2157 Ν.
846 2113 849 2120 ,

193 2235 261 2304 AT
277 2235 337 2302 Cn.
353 2233 510 2305 Lentulus
530 2235 667 2320 patriciae
686 2236 799 2320 gentis,
813 2233 934 2320 collega
948 2235 1029 2321 ejus,
1045 2235 1096 2302 cui
1112 2255 1302 2319 cognomen-

84 2337 176 2405 ,tum
193 2323 350 2390 Clodiano
362 2323 433 2403 fuit,
445 2322 667 2408 perincertum
682 2319 827 2386 stolidior
842 2343 881 2384 an
895 2324 1017 2398 vanior,
1032 2321 1135 2406 legem
1151 2324 1190 2404 tle
1207 2345 1301 2408 pecu-

102 2409 168 2487 nia,
179 2429 276 2492 quam
290 2408 376 2474 Sulla
386 2410 581 2494 emptoribus
592 2411 746 2472 bonorum
758 2409 933 2488 remiserat,
944 2410 1110 2494 exigenda,
1121 2411 1301 2494 promulga-

102 2496 163 2560 vit.
188 2496 227 2558 A.
240 2497 364 2573 Gellius,
375 2497 396 2558 Ι.
411 2496 501 2558 xviii.
512 2495 593 2558 niv·
631 2511 635 2518 '
1030 2517 1032 2524 ’
1051 2495 1054 2502 “

149 2583 283 2662 Omnes,
292 2584 407 2667 quibus
420 2594 631 2647 aetasseuecto
646 2601 788 2667 comune,
801 2582 925 2648 animus
936 2580 1080 2646 militaris
1093 2595 1171 2647 crat.
1194 2583 1299 2648 ersus

100 2669 274 2750 umam
877 2683 879 2691 ⁴

645 2853 762 2904 NOTAE‘.

135 3095 154 3134 s
164 3075 311 3145 Autronius]
331 3077 382 3130 llis
394 3085 472 3146 pater
483 3075 536 3131 luit
553 3077 692 3141 triumviri,
713 3079 799 3146 primo
811 3078 872 3130 lanu
884 3077 969 3139 tertii.
980 3095 1029 3130 seu
1047 3077 1093 3130 imi
1109 3079 1172 3130 lecti
1191 3079 1302 3132 saeuus.

100 3148 149 3214 qui
168 3163 199 3198 re
220 3145 347 3197 adversus
359 3149 500 3198 Cretenses
518 3145 586 3198 male
606 3147 692 3214 gesta,
706 3147 776 3196 ‘bats
799 3146 874 3198 lucus
893 3149 1095 3198 honestissimus
1113 3149 1223 3198 ultimus
1242 3156 1302 3198 erat

100 3215 195 3265 morbo
206 3213 315 3270 interiit.
339 3217 424 3264 Homo
436 3211 490 3266 fuit
501 3215 599 3267 nullius
611 3214 690 3264 virtu·
714 3215 833 3276 secundi,
846 3215 901 3265 slve
917 3213 998 3266 medii
1015 3215 1086 3272 lecti.
1100 3213 1173 3280 quod
1185 3217 1301 3274 convivii

100 3282 145 3341 tis,
156 3281 200 3344 qui
208 3283 293 3331 Cottae
303 3281 460 3346 cuns'uliset
469 3281 581 3350 Cethegi
594 3283 691 3348 grstia,
707 3281 849 3331 'dominum
864 3283 1042 3341 continuerat,
1054 3291 1084 3331 ut
1100 3281 1181 3332 ducet
1200 3283 1303 3336 Plutars

99 3364 153 3398 orae
171 3347 310 3398 maritimae
326 3349 491 3399 cttrstinnem
508 3355 612 3404 nactus,
628 3347 692 3398 Sici·
714 3348 789 3398 chus.
824 3349 872 3398 llis
891 3345 957 3400 bene
972 3349 1125 3410 intellectis,
1136 3350 1207 3399 nulla
1225 3365 1302 3414 supe·
1326 3340 1329 3356 '

99 3415 166 3464 lium
186 3423 214 3465 et
235 3414 386 3466 Provincias
404 3429 495 3468 onmes
514 3416 691 3480 depopulatus
712 3425 767 3465 nest
778 3415 803 3466 in
816 3415 866 3468 hoc
879 3415 1027 3482 fragmento
1038 3414 1188 3466 difficultas.
1215 3417 1302 3467 Serto·

100 3487 154 3542 est.
236 3489 238 3497 ·
399 3488 401 3498 ’
624 3543 626 3549 Ι
713 3477 769 3533 rius
789 3481 1025 3533 honoratissimum
1046 3483 1134 3534 locaam
1156 3497 1301 3546 occapave·

136 3547 246 3612 bstou]
261 3547 403 3603 Turnebus
412 3549 490 3618 legit,
498 3551 558 3601 Ama
567 3553 647 3600 morti
653 3566 691 3598 ur·
713 3555 763 3610 rat,
775 3548 819 3599 cul
836 3550 973 3614 proximus
991 3556 1049 3600 erat
1067 3551 1093 3599 in
1111 3549 1204 3599 eudem
1218 3551 1299 3614 lecto,

101 3618 152 3668 les.
714 3616 800 3666 medio
812 3615 928 3668 seilicet.
939 3615 1036 3666 Fabius
1050 3617 1240 3680 Hispaniensis.
1270 3621 1299 3670 ln

135 3697 151 3732 c
164 3681 267 3744 Brisa]
281 3681 387 3732 Ericins
399 3683 519 3738 machina
531 3689 574 3734 est
586 3681 689 3743 bellica,
711 3698 814 3734 summu
826 3681 897 3733 lecto
909 3693 984 3733 erant
997 3683 1125 3733 Antonius
1138 3691 1164 3732 et
1177 3685 1299 3747 Vereins,

97 3751 211 3812 verutis,
230 3765 280 3800 seu
298 3748 443 3817 majoribus
461 3751 553 3812 clavis,
570 3750 689 3818 undique
711 3749 764 3800 dno
783 3747 893 3806 tantiam,
914 3751 982 3800 sicut
1003 3749 1029 3798 in
1049 3749 1135 3800 medio
1154 3749 1233 3802 lecto.
1267 3757 1299 3804 ln

98 3817 218 3870 horrida.
711 3817 790 3868 tertio
804 3814 867 3867 verti
883 3823 913 3868 et
929 3817 992 3875 imo.
1003 3821 1124 3882 stupentur·
1140 3829 1196 3867 erat
1215 3820 1299 3870 domi-

134 3885 153 3936 d
167 3883 283 3952 Vama]
297 3885 427 3936 verutum
441 3885 538 3952 spiculi
549 3900 596 3940 seu
604 3883 687 3954 jaculi
710 3901 758 3934 nus
772 3883 886 3935 convivii
904 3885 1050 3948 Perpenna,
1061 3886 1150 3937 scribe
1165 3887 1298 3938 Maecenas

18 4003 22 4012 p
100 3953 207 4018 species
220 3960 279 4011 ests
293 3952 335 4010 vel
346 3951 428 4004 etiarn
438 3953 511 4018 quod
521 3951 604 4020 vulga
615 3953 687 4002 ensis
709 3951 816 4012 deinde,
829 3960 857 4001 et
868 3951 1027 4030 Tarquitius
1037 3950 1156 4004 ultimus.

99 4019 343 4074 laminamuocant.
378 4021 490 4069 Lulnme
503 4021 641 4084 d'unepee.
742 4017 756 4068 f
765 4015 880 4084 Fabiam]
891 4021 977 4083 Hirrus
986 4019 1125 4084 plurimam
1136 4020 1298 4072 mentionem

134 4101 151 4134 e
163 4085 269 4152 Igitur]
288 4089 325 4138 Ut
336 4085 514 4153 fragmentum
527 4088 599 4146 istud
614 4086 688 4143 intel·
708 4102 769 4138 esse
788 4087 813 4135 in
830 4086 1045 4147 numismatibus,
1059 4101 1207 4153 quanquam
1226 4087 1299 4142 nulla

99 4151 211 4220 ligatur,
222 4154 356 4206 sciendum
366 4155 498 4220 estquod
508 4151 607 4219 optime
616 4169 689 4206 enar·
710 4155 746 4204 sit
760 4155 786 4205 in
801 4153 877 4204 libris
889 4154 1035 4216 veteribus,
1047 4163 1159 4206 testatur
1171 4152 1270 4202 Carrio.

100 4229 144 4272 rat
165 4219 337 4285 doctissimus
355 4221 511 4282 Salmasius,
529 4229 585 4272 tres
604 4220 688 4288 inisse
744 4220 923 4288 gucmptone]
941 4221 1050 4286 Scorpio
1062 4221 1164 4284 species
1176 4219 1299 4272 erstbsl·

99 4286 214 4344 lectulos
237 4288 334 4355 qulbus
357 4289 549 4340 accumbebant
573 4295 688 4347 veteres,
710 4288 786 4340 listas,
800 4288 848 4337 sed
866 4289 953 4338 minor
963 4287 1044 4354 qulam
1057 4287 1186 4354 vegetius
1198 4287 1298 4343 Mna*
1390 4319 1393 4326 ⁴

98 4354 259 4412 eumcibum
272 4363 421 4414 sumerents
434 4355 688 4417 summus‚seilicet‚
710 4359 830 4411 ballistam
841 4354 906 4412 dicit
918 4355 1014 4416 vocari,
1170 4359 1172 4374 '
1296 4363 1298 4368 ’
1325 4354 1328 4360 ’

94 4421 216 4489 medina,
228 4433 257 4474 et
273 4422 349 4482 imus.
383 4424 512 4481 Dominus
530 4421 643 4480 curtiali
662 4423 696 4486 in,
