3034 5054
461 317 525 386 DE
542 316 643 384 REP.
659 315 968 392 ORDINANDAe
1239 329 1302 398 238

125 497 257 566 adversa
271 511 333 570 res,
342 492 497 578 ingentem
513 511 622 556 eorum
639 490 779 556 animum
792 490 915 574 subegit
927 515 936 564 3
952 488 1038 572 quin,
1051 509 1119 573 quae
1127 491 1242 556 virtute
1251 515 1303 558 ce·

126 597 247 667 perant,
259 579 353 642 simul
366 599 438 641 cum
453 577 556 640 anima
570 577 747 641 retinerent.
791 575 900 659 Atque
908 597 952 637 ea
967 572 1068 658 magis
1083 575 1215 642 fortibus
1230 601 1302 642 con·

126 669 218 746 siliis,
232 662 325 748 quam
337 665 424 726 bonis
437 663 561 745 proeliis,
571 676 690 746 patrata
704 675 785 726 sunt.
809 660 935 746 Quippe
948 663 1031 744 apud
1043 662 1112 726 illos
1123 673 1140 705 -²
1151 683 1209 726 una
1220 685 1302 748 resp.

15 793 19 805 .
126 768 212 818 erat:
234 752 264 814 ei
280 749 497 813 consulebant:
521 749 616 812 factio
631 762 738 811 contra
758 747 862 809 hostes
879 747 1061 832 parabatur;
1084 768 1194 830 corpus
1210 764 1303 830 atque

125 837 296 922 ingenium,
311 833 425 918 patriae,
439 855 502 896 non
523 854 587 898 suae
610 834 743 915 quisque
765 833 918 916 potentia,
932 832 1130 898 exercitabat.
1176 835 1222 896 At
1244 835 1303 898 hoc

127 939 278 1006 tempore,
293 917 398 986 contris
413 941 449 982 ea
464 919 606 984 homines
621 919 750 995 nobiles,
763 939 896 1000 quorum
913 916 1031 980 animos
1045 918 1198 996 socordia,
1210 933 1303 1004 atque

126 1008 262 1092 ignavia;
277 1006 409 1080 invasit5
432 1005 545 1088 ignari,
553 1005 678 1081 laboris,
692 1003 841 1082 hostium,
855 1003 988 1078 militiae,
1002 1002 1090 1064 domi
1104 1002 1235 1078 factione
1256 1006 1303 1069 in·

122 1093 247 1169 structi,
260 1113 318 1176 per
332 1090 507 1173 superbiam
523 1091 643 1154 cunctis
658 1090 801 1174 gentibus
814 1089 1025 1151 moderantur.
1064 1087 1175 1171 Itaque
1190 1104 1304 1173 patres,

124 1199 260 1261 quorum
276 1177 405 1240 consilio
421 1172 509 1240 anteit
524 1176 621 1246 dubia
635 1197 716 1258 resp.
732 1174 962 1252 stabiliebatur3
984 1175 1134 1256 oppressi,
1148 1196 1189 1238 ex
1205 1176 1305 1240 alieni

122 1264 265 1339 libidine,
279 1259 344 1326 lnic
359 1276 452 1344 atque
467 1260 543 1325 illuc
557 1261 741 1324 fluctuantes
753 1261 905 1342 agitatur:
930 1260 1085 1321 interdum
1102 1259 1173 1338 alia,
1187 1260 1304 1326 deiude

124 1348 198 1426 alia,
210 1350 397 1412 decernunt:
421 1362 592 1424 uteorum,
607 1343 661 1430 qui
684 1345 893 1422 dominantur,
907 1344 1059 1418 simultas,
1074 1365 1110 1406 ac
1129 1347 1305 1428 arrogantia

52 1487 57 1496 .
125 1433 198 1511 fert,
213 1433 255 1498 ita
276 1435 403 1509 bonum,
418 1432 599 1516 malumque
621 1431 782 1515 publicum
804 1429 992 1493 existimant.
1037 1428 1139 1503 Quod
1153 1431 1180 1494 si
1198 1446 1253 1496 aut
1266 1433 1305 1494 li·

122 1519 226 1586 bertas
250 1537 338 1600 aequa
359 1517 513 1595 omnium,
534 1533 589 1582 aut
614 1517 765 1582 sententia
789 1513 973 1580 bobscurior
999 1531 1100 1590 esset;
1131 1516 1304 1601 majoribus

123 1603 235 1688 opibus
249 1624 331 1686 resp·
346 1601 498 1678 etflminds
513 1617 621 1684 potens
634 1603 778 1665 nobilitas
793 1615 885 1664 esset.
908 1599 972 1663 Sed
987 1601 1135 1682 quoniam
1149 1604 1305 1686 coaequari

122 1689 256 1772 gratiam
271 1687 413 1753 omniunt
426 1686 551 1750 difficile
562 1702 629 1761 est;
644 1687 759 1770 quippe
771 1683 848 1750 crim
862 1685 945 1758 ciilis
957 1685 1112 1770 majorum
1124 1687 1223 1752 virtus
1235 1710 1304 1772 par·

120 1789 187 1836 tam
200 1771 361 1852 reliquerit
375 1771 519 1852 gloriam,
533 1771 728 1852 dignitatem,
738 1771 913 1844 clientelas;
929 1786 1038 1834 caetera
1054 1771 1221 1836 multitudo
1237 1775 1303 1858 ple·

120 1877 220 1939 reque
242 1856 357 1918 inscia:
380 1855 422 1917 sit
443 1855 595 1918 sententia
615 1875 725 1923 eorum
746 1850 766 1914 t
784 1867 872 1916 metu
885 1854 992 1936 libera.
1036 1855 1086 1922 Ita
1105 1857 1227 1921 occulti>
1243 1859 1305 1928 sibi

116 1943 258 2024 quisque
273 1940 400 2005 alterius
414 1941 552 2023 potentia
565 1937 690 2004 deas-ior
704 1949 780 2004 erati
824 1938 968 2002 Libertas
974 1938 1066 2023 juxta
1081 1941 1180 2019 bonis,
1191 1957 1223 2006 et
1238 1966 1304 2006 ma·

121 2028 175 2106 lis,
196 2025 341 2102 strenuis,
354 2040 385 2089 et
407 2025 528 2108 ignavis
553 2025 697 2110 optabilis
719 2041 776 2088 est.
819 2022 945 2092 Verum
964 2045 1040 2089 eam·
1054 2025 1195 2111 plerique
1217 2043 1305 2094 metu

120 2114 294 2191 deserunt,¹
307 2112 483 2174 stultissimi
509 2113 674 2190 mortales3
700 2111 809 2194 equod
834 2110 867 2173 in
893 2113 1061 2173 certamine
1088 2112 1220 2176 dubium
1246 2129 1305 2194 est,

121 2219 274 2281 quorsum
290 2196 420 2275 accidat,
435 2197 469 2260 id
490 2218 546 2280 per
560 2197 704 2268 inertiam
719 2197 751 2260 in
768 2219 813 2275 se,
831 2196 919 2278 quasi
935 2195 1020 2274 victi,
1035 2195 1199 2279 recipiunt.
1238 2199 1306 2284 Igi-

120 2299 177 2346 tur
190 2283 311 2358 duabns
325 2283 418 2346 rebus
433 2283 609 2346 confirmari
623 2303 714 2370 posse
729 2298 870 2350 senatum
886 2295 983 2365 puto:
1006 2281 1034 2345 si
1049 2304 1179 2346 numero
1194 2301 1303 2350 auctus

120 2367 358 2452 iper'tabellam
377 2369 561 2432 sententiam
575 2367 665 2433 feret.
708 2367 837 2432 Tabella
858 2367 1020 2432 ⁸obtentui
1035 2369 1105 2438 erit,
1119 2369 1184 2450 qud
1202 2373 1304 2456 magis

120 2454 230 2518 animo
255 2455 353 2528 libero
374 2453 476 2516 facere
504 2457 634 2519 audeat:
664 2451 718 2518 hin
740 2454 951 2532 multitudine,
971 2467 1005 2516 et
1023 2454 1158 2534 praesidii
1180 2458 1250 2540 plus
1272 2473 1304 2522 et

121 2543 201 2604 usim
216 2541 359 2624 amplior,
372 2554 431 2604 est.
475 2540 561 2604 Nam
577 2539 644 2603 tere
660 2540 709 2606 his
730 2539 975 2624 tempestatibus,
989 2539 1042 2602 alii
1058 2540 1189 2623 judiciis
1204 2544 1305 2626 publi-

119 2626 180 2702 cis,
191 2626 244 2690 alii
259 2626 387 2712 privatis
403 2625 479 2706 suis,
493 2641 586 2708 atque
601 2623 774 2692 amicorum
795 2624 929 2711 negotiis
948 2624 1110 2710 implicati,
1123 2626 1206 2692 haud
1225 2625 1301 2693 sane

657 2864 771 2916 NOTAE,

158 3027 266 3090 avan]
288 3027 393 3096 Idest,
409 3043 462 3092 quae
479 3033 508 3079 in
517 3028 643 3094 sactiones
658 3043 705 3080 non
725 3041 804 3094 quum
816 3027 842 3079 in
859 3035 960 3094 partem
975 3028 1063 3089 eadat,
1075 3029 1202 3095 quamdiu
1213 3046 1260 3098 pro
1273 3025 1305 3084 li.

116 3105 180 3157 nnat
189 3097 295 3146 diuersa.
321 3097 397 3146 Salus
406 3103 449 3146 est
459 3093 579 3160 protecto
588 3097 704 3146 omnium
727 3100 827 3146 berttte
839 3101 967 3156 certatur,
975 3097 1073 3162 nullius
1086 3098 1154 3146 scire
1165 3106 1263 3162 potest,
1292 3137 1298 3144 .

117 3161 300 3212 membrorum
318 3163 431 3214 societas
446 3171 475 3214 et
490 3159 703 3222 communicatio;
759 3161 834 3228 iPer
844 3159 977 3225 tabellam]
990 3165 1047 3212 Non
1057 3178 1124 3214 unus
1136 3165 1187 3214 luit
1199 3181 1303 3232 semper

62 3231 70 3238 “
117 3227 205 3295 pestis
216 3228 349 3280 discordia
356 3239 383 3280 et
395 3229 561 3282 abalienatio.
726 3229 796 3296 apud
806 3232 937 3280 Romanos
947 3230 1102 3280 sententiam
1114 3247 1188 3281 suam
1197 3233 1312 3294 dicendi¹

157 3295 174 3343 b
190 3295 339 3358 Obscenae]
363 3296 506 3346 Obscurior
518 3304 560 3348 est
577 3295 634 3360 ipse
652 3296 704 3346 Sal·
726 3297 872 3357 modoque
882 3311 967 3362 neque
979 3296 1049 3360 apud
1060 3297 1125 3347 alias
1170 3306 1236 3350 ntes.
1253 3303 1305 3352 Vo-

116 3361 231 3422 lustius,
241 3360 306 3411 dum
323 3359 411 3411 minis
429 3363 570 3414 obscurum
583 3362 704 3426 queritur
726 3377 756 3414 oe
767 3360 863 3427 primi,
874 3362 978 3424 deinde,
991 3371 1022 3413 ut
1039 3363 1123 3430 major
1150 3365 1247 3416 ibertas
1262 3385 1304 3418 es·

113 3429 235 3486 aliorum
244 3429 410 3495 sententium.
428 3428 525 3478 Badius
535 3429 704 3496 iutelligitde
726 3438 776 3490 set,
787 3443 835 3494 per
845 3429 965 3493 tabellas,
977 3426 1131 3495 suffragium
1150 3447 1225 3481 suum
1238 3433 1304 3484 sere-

108 3495 259 3560 ,obsequia
276 3510 329 3560 quo
345 3509 435 3547 omnes
452 3490 506 3544 ferd
524 3496 590 3560 erga
607 3511 704 3560 paucos
728 3496 797 3554 bant.
830 3499 887 3554 Qut
906 3496 940 3546 de
956 3513 994 3557 re,
1008 3496 1079 3556 vide,
1094 3497 1120 3545 in
1136 3499 1238 3561 primis,
1251 3502 1303 3550 De-

116 3561 289 3621 tenebantur,
300 3561 425 3626 quodque
443 3562 494 3612 illis
512 3559 597 3613 mimis
616 3564 705 3627 cogni·
727 3563 824 3614 lectum
842 3563 994 3614 Latinitatis
1013 3565 1122 3614 Moneto
1140 3565 1247 3616 lesuitae
1267 3578 1304 3619 at·

115 3639 180 3679 tum
205 3625 288 3678 fuisse
312 3636 406 3678 auctor
428 3627 614 3679 desiderasset.
647 3633 703 3695 Ego
727 3628 865 3688 tributum.

114 3692 187 3746 verd
206 3693 251 3743 hic
269 3693 312 3758 agi
330 3693 489 3746 crediderim
506 3695 540 3744 de
560 3693 703 3760 suffragiis,
757 3711 777 3761 g
795 3693 931 3758 obtentam]
955 3695 1054 3747 Badius
1072 3695 1180 3760 exponit
1195 3699 1231 3748 ad
1246 3701 1306 3752 obti-

115 3774 234 3828 quaeper
246 3760 365 3820 tabellas,
374 3763 408 3811 de
417 3762 513 3826 quibus
521 3762 600 3815 etiarn
610 3761 704 3826 posted
724 3765 833 3814 nendum.
867 3767 924 3828 Ego
950 3763 988 3812 ita
1011 3764 1132 3829 intelligo
1154 3772 1184 3814 ut
1206 3767 1305 3828 tabells

117 3825 563 3892 Sallustiusloquitur,serebantur;
574 3844 606 3883 ne
617 3827 702 3895 cujus·
724 3829 798 3894 quasi
811 3829 899 3882 velum
909 3825 992 3881 fuerit
1004 3836 1032 3880 et
1043 3832 1241 3894 operimentum,
1253 3834 1304 3888 sub

116 3909 202 3960 quarn
212 3897 344 3944 sententia
356 3895 388 3942 ab
398 3893 453 3944 ullo
464 3895 589 3960 cognosci
597 3904 694 3959 posset.
724 3911 776 3961 quo
789 3895 919 3947 latitantes
931 3895 1015 3946 libere
1034 3893 1160 3962 suffragia
1172 3915 1219 3950 suu
1229 3900 1305 3950 dixe·
1334 3937 1337 3944 .

157 3959 252 4022 clitis]
265 3959 414 4021 Nobilibus,
427 3961 539 4011 scilieet.
717 3964 783 4013 rint.
820 3964 944 4026 obtentui,
964 3963 993 4013 id
1015 3971 1065 4024 est,
1087 3966 1259 4017 abundantium
1278 3977 1305 4017 et

157 4024 178 4075 d
194 4027 298 4090 carim]
319 4026 349 4078 ld
367 4039 418 4087 est,
430 4025 482 4078 etim
493 4031 597 4094 singulis
610 4037 656 4093 per
668 4041 704 4080 ta»
725 4032 890 4094 obtegendum.
1219 4041 1230 4076 “.

118 4096 219 4148 bellam,
242 4099 334 4146 aenens
357 4099 449 4145 certant
471 4101 613 4146 renterrtiam
636 4113 703 4144 suam
757 4096 819 4146 hIn
830 4096 1001 4159 multitudine]
1017 4095 1093 4149 Istud
1104 4095 1167 4148 vend
1179 4096 1305 4162 disquisi-

118 4163 208 4210 ἀίσσω
219 4163 322 4221 tinent,
335 4179 413 4212 omnes
421 4164 467 4212 sibi
476 4173 502 4212 et
511 4165 646 4226 reipublice
655 4179 704 4212 ma·
725 4163 795 4224 fine
806 4164 891 4214 multa
904 4179 970 4230 opus
988 4163 1074 4218 habet,
1087 4171 1169 4228 atque
1180 4179 1227 4227 pro
1239 4159 1305 4214 mul-

114 4226 250 4292 gtrpndm
258 4236 391 4291 pancorum
399 4232 523 4294 rupem,
532 4229 703 4295 suffraginem
725 4229 810 4295 tiplici
827 4245 917 4284 rerum
930 4238 959 4284 et
970 4245 1138 4298 personarum
1151 4231 1249 4288 radone
1261 4238 1306 4282 est

117 4296 265 4360 contulerat..
725 4296 899 4351 limandum.
1222 4321 1224 4328 ·

157 4373 175 4412 e
191 4357 283 4424 Quod]
304 4361 464 4432 seruitutem¹
482 4362 619 4432 intelligit,
635 4367 702 4474 ἦε,
751 4410 754 4418 ,
