3034 5060
398 307 601 382 aratum
625 305 1000 398 Juaurrrrrruurr.
1080 279 1085 288 ’
1232 321 1293 382 159

110 491 173 577 pati
186 517 196 566 t
217 489 379 575 plerosque
395 489 584 552 antevenire.
629 486 754 566 Quibus
769 488 873 565 rebus,
888 499 920 549 et
935 484 1053 549 artibus
1067 482 1157 549 brevi
1171 483 1294 564 Mario,

109 580 333 658 militibusque,
352 577 533 639 carissimus
553 573 664 636 lactus.
709 572 756 636 At
777 572 932 656 Iugurtha
955 585 1120 654 postquam
1143 573 1295 656 oppidum

111 665 257 748 Capsam,
272 662 410 743 aliosque
430 663 515 722 locos
533 660 680 737 munitos,
694 675 725 722 et
740 661 798 722 sibi
810 660 913 732 utiles,
929 657 1065 721 simulet
1082 677 1226 740 magnam
1242 682 1296 742 pe-

109 751 234 812 cuniam
250 748 407 824 amiserat,
422 749 462 808 ad
480 747 641 808 Bocchum
657 747 787 808 nuncios
801 744 906 820 mittit,
918 739 1012 825 quam
1024 743 1164 826 primum
1177 743 1209 806 ln
1226 745 1297 808 Nu·

111 835 242 896 midiam
263 833 367 916 copias
384 833 573 894 adduceret:
597 831 693 914 prelii
710 830 846 894 faciundi
862 846 985 912 tempus
1003 833 1124 895 adesse.
1168 829 1299 904 ¹Qucm

109 921 164 982 ubi
180 923 315 988 cunctari
334 917 463 999 accepit,
474 916 606 979 dubium
621 916 692 978 belli
706 932 799 998 atque
815 917 899 998 pacis
916 917 1050 978 rationes
1065 917 1204 978 trahere:
1228 939 1298 979 rur-

111 1017 176 1081 sus,
190 1019 222 1066 nt
237 1000 337 1078 anteit,
354 1003 512 1086 proximos
525 1001 594 1086 ejus
605 1003 696 1064 donis
710 1002 903 1084 corrumpit;
919 1001 1040 1084 ipsique
1055 1014 1069 1041 ²
1080 1003 1198 1066 Mauro
1210 1004 1301 1088 polli·
1339 995 1344 1012 '

101 1099 197 1153 cetur
213 1089 377 1152 Nunlidiae
393 1089 515 1150 tertiam
536 1103 669 1170 partem,
684 1089 711 1149 si
730 1103 783 1152 aut
802 1085 937 1150 Romani
954 1087 1067 1149 Africa
1087 1089 1219 1171 expulsi,
1234 1101 1300 1167 aut,

107 1175 265 1258 bintegris
281 1174 345 1235 suis
359 1173 481 1248 linibus,
492 1174 608 1235 bellum
622 1174 832 1254 compositum
846 1172 937 1236 soret.
970 1171 1021 1234 Eo
1036 1176 1163 1254 praemio
1177 1175 1300 1238 illectus

16 1281 23 1296 ¹
97 1263 256 1324 'Bocchus
277 1280 349 1320 cum
373 1261 483 1339 magni
506 1258 706 1322 multitudine
726 1257 917 1340 Jugurtham
940 1261 1071 1320 accedit.
1117 1259 1176 1336 Ita,
1191 1265 1299 1323 ambo·

107 1367 181 1410 rum
197 1344 338 1406 exercitu
354 1346 532 1428 conjuncto,
544 1341 688 1406 Marium
699 1343 768 1426 jam
782 1344 814 1405 in
828 1343 956 1405 hiberna
971 1344 1230 1426 proficiscentem,
1245 1347 1301 1410 vix

109 1433 233 1496 decima
248 1447 334 1514 parte
357 1431 431 1494 cdie
448 1431 578 1511 reliqua,
594 1430 763 1494 invadunt:
788 1430 846 1492 rati
862 1445 996 1506 noctem,
1013 1451 1081 1511 quae
1098 1431 1167 1514 jam
1182 1433 1301 1511 aderat,

110 1518 203 1581 victis
218 1518 277 1578 sibi
291 1516 486 1578 munimento
500 1515 587 1589 fore;
610 1516 683 1578 etsi
700 1516 857 1592 vicissent,
873 1517 957 1578 nullo
973 1515 1210 1598 impedimento,
1226 1519 1301 1600 quia

107 1605 250 1666 locorum
266 1603 397 1664 scientes
412 1616 518 1664 erantt
535 1595 641 1663 contri.
649 1599 806 1663 'Romanis
818 1615 987 1682 utrumque
999 1623 1106 1683 casum
1120 1604 1152 1666 in
1163 1605 1301 1666 tenebris

97 1688 313 1752 difficiliorem
330 1685 409 1750 fore.
455 1687 558 1770 Igitur
579 1684 698 1750 dsimul
718 1689 826 1751 consul
848 1708 889 1750 ex
909 1689 1016 1751 multis
1032 1691 1072 1752 de
1088 1689 1226 1753 hostium
1243 1691 1299 1754 ad·

108 1787 206 1840 ventu
219 1773 380 1854 cognovit,
392 1789 424 1834 ct
438 1771 498 1852 ipsi
512 1772 619 1833 hostes
633 1773 786 1916 effraim
809 1788 842 1834 et
855 1771 944 1854 priris
961 1773 1056 1854 quim
1071 1777 1228 1840 exercitus
1245 1793 1302 1840 aut

108 1860 235 1935 instrui,
251 1872 306 1918 aut
323 1858 458 1918 sarcinas
478 1855 636 1936 colligere,
651 1866 653 1874 ’
674 1855 800 1935 coique,
815 1853 885 1917 ante
903 1855 998 1937 quim
1018 1860 1154 1939 signum,
1169 1878 1223 1924 aut
1241 1864 1301 1924 im·

108 1945 233 2028 perium
247 1945 345 2004 ullum
357 1942 496 2024 accipere
509 1941 621 2022 quivit,
633 1940 755 2021 equites
771 1939 893 2018 Mauri,
904 1957 997 2021 atque
1011 1941 1138 2020 Gaetuli,
1150 1965 1211 2016 non
1224 1949 1302 2028 acie,

108 2051 212 2112 neque
231 2029 294 2091 ullo
317 2048 404 2090 more
424 2025 531 2109 praelii,
547 2027 604 2088 sed
624 2027 818 2105 catervatim,
830 2022 876 2090 uti
894 2046 1035 2108 quosque
1052 2026 1116 2090 lors
1137 2031 1301 2114 conglobat·
1343 2042 1354 2061 ⁰

107 2131 209 2191 verat,
233 2117 264 2176 iu
287 2129 408 2176 nostros
430 2115 601 2176 incurrunt.
647 2109 714 2185 Qui
736 2133 845 2173 omnes
869 2113 985 2194 trepidi
1008 2110 1180 2196 improviso
1205 2131 1304 2196 metu,

109 2217 248 2265 attamen
263 2199 389 2262 virtutis
413 2219 581 2275 memores,
595 2213 649 2260 aut
671 2217 757 2260 arma
779 2198 951 2282 capiebant,
972 2214 1025 2260 aut
1045 2199 1202 2282 capientes
1225 2203 1303 2266 alios

108 2291 150 2352 ab
162 2286 303 2356 hostibus
315 2285 537 2348 defensabant:
553 2305 624 2366 pars
640 2303 738 2366 equos
753 2287 931 2357 ascendere,
944 2282 1069 2348 obvialm
1082 2287 1223 2349 hostibus
1235 2291 1280 2351 ire
1292 2313 1303 2365 ς

108 2394 216 2459 pugna
239 2372 401 2434 latrocinio
421 2370 533 2452 magis,
548 2366 642 2451 quim
661 2370 766 2450 proelio
787 2370 900 2431 similis
916 2369 1001 2444 fieri;
1025 2371 1091 2433 sine
1112 2373 1221 2456 signis,
1235 2374 1303 2438 sine

108 2459 286 2535 ordinibus,
301 2457 423 2540 equites
443 2455 565 2538 pedites
584 2456 745 2538 permixti,
760 2455 879 2518 cedere
896 2457 984 2532 alios,
999 2458 1076 2519 alios
1097 2462 1303 2536 obtruncare;

109 2547 229 2610 multos
244 2545 369 2606 2εοιιῑτέι
385 2543 532 2606 adversos
548 2537 700 2606 acerrime
716 2557 887 2622 pugnantes
903 2541 942 2604 ab
953 2559 1043 2624 tergo
1054 2544 1303 2622 circumvenire,

90 2640 216 2714 'neque
232 2629 341 2706 virtus,
356 2650 456 2710 neque
473 2647 560 2691 arma
577 2623 654 2690 satis
670 2642 794 2710 tegere;
817 2625 905 2708 qudd
921 2627 1026 2691 hostes
1042 2651 1174 2692 numero
1189 2631 1306 2712 plures,

109 2734 146 2780 et
165 2717 304 2797 undique
327 2713 508 2780 circumfusi
530 2727 636 2778 erant:
660 2713 797 2795 denique
818 2712 953 2776 Romani
975 2722 1131 2792 ‘veteres
1146 2718 1304 2800 novique;

108 2819 146 2866 et
166 2801 226 2864 fob
242 2821 289 2882 ea,
304 2801 437 2864 scientes
453 2801 545 2874 belli,
568 2799 595 2862 si
612 2818 691 2879 quos
705 2799 792 2862 locus
807 2815 862 2862 aut
876 2817 967 2862 casus
981 2800 1197 2884 conjunxerat,
1212 2807 1304 2869 orbes

558 2965 860 3016 mruuruururro.

157 3113 285 3202 ¹Qrem
300 3113 350 3176 ubi
366 3113 699 3196 accepitmorasaecte-
767 3115 780 3151 ²
811 3113 1095 3181 circumveniebant
1128 3117 1235 3182 multos
1268 3121 1306 3182 ab

112 3226 159 3280 re,
176 3203 248 3264 dam
262 3199 371 3262 dubius
385 3199 480 3261 anxie
496 3202 700 3284 perpendebat
724 3212 823 3282 terga,
833 3199 903 3262 dam
915 3201 960 3262 illi
965 3213 1148 3284 pugnarent
1157 3205 1307 3268 acerrimi·

113 3290 251 3434 ratganes
267 3307 333 3373 qua
339 3300 400 3372 pra
414 3286 485 3348 bella
500 3299 555 3348 aut
564 3285 699 3370 pacesa·
723 3298 830 3348 cantra
844 3287 946 3349 hostes
960 3289 1113 3352 adversos.
1250 3286 1260 3307 ⁶

113 3397 162 3438 cre
180 3384 245 3436 ant.

643 3517 770 3570 'NOTAE

622 3671 624 3678 ,
654 3605 663 3641 ¹
683 3658 685 3664 ,
759 3631 906 3694 eVetems.]
925 3636 984 3684 Non
1005 3640 1068 3684 strat
1085 3635 1212 3692 veterani,
1231 3648 1310 3702 prout

148 3702 167 3750 b
181 3699 315 3763 Integris]
329 3703 384 3752 Hoc
397 3713 446 3760 est,
458 3705 486 3751 Sa·
495 3703 563 3750 aella
570 3705 634 3764 pars
645 3715 701 3764 reg·
726 3701 833 3765 quidam
843 3700 1017 3757 existimarim
1030 3698 1121 3752 rerum
1132 3702 1202 3763 ii,de
1212 3707 1309 3770 quibus

114 3773 142 3819 πὶ
154 3769 173 3819 (l
185 3771 304 3816 Ramuttr'r
316 3770 492 3818 detraheretur.
727 3766 909 3820 manusfacta
924 3777 966 3818 est
983 3764 1104 3832 superltls
1121 3772 1168 3834 qui
1185 3773 1234 3820 sub
1252 3777 1311 3822 Me-

149 3835 244 3898 oDie.]
256 3835 432 3884 Proculdub'm
441 3851 518 3885 casus
528 3840 571 3884 est
581 3831 700 3900 genitivi,
726 3835 791 3884 ullo
815 3835 1006 3892 militavertut;
1026 3836 1136 3899 quique,
1155 3850 1215 3887 oum
1235 3839 1310 3889 novis

97 3903 331 3970 quandoquidem
350 3904 459 3952 Plautus
476 3913 503 3952 et
517 3901 647 3968 Virgilius
665 3899 702 3948 ita
726 3917 792 3966 quos
811 3903 914 3967 Marius
933 3901 1057 3963 adduxit,
1072 3905 1097 3951 in
1116 3919 1196 3955 uuum
1212 3920 1309 3969 corpus

102 3970 200 4019 ‘locuti
220 3979 296 4026 sunm
316 3985 395 4034 atque
414 3969 483 4018 huuc
501 3970 588 4033 ipsum
604 3969 702 4025 locum,
727 3969 887 4018 coaluerant.

115 4037 184 4085 citat
205 4037 311 4086 Gestius
329 4037 373 4100 qui
392 4039 433 4086 die
449 4037 474 4085 ia
496 4035 582 4100 patrio
599 4049 665 4084 casu
687 4031 703 4081 a
760 4033 879 4099 fObea]
892 4033 922 4085 Id
934 4041 984 4097 est,
995 4039 1309 4097 Romarrineteresetnooi,

117 4101 439 4168 Sallustiopositumesse
452 4103 528 4161 dicit,
537 4104 702 4166 aliorumque
727 4101 781 4153 aaa
797 4106 900 4152 socrates
913 4106 977 4164 belli,
995 4108 1060 4168 qaod
1077 4108 1102 4154 hi
1114 4123 1167 4154 eum
1184 4107 1242 4162 illis,
1254 4121 1309 4164 narr,

149 3651 167 3684 a
176 3627 295 3695 Maura]
307 3635 403 3684 Boccho
413 3633 525 3685 scilieet.

16 4227 18 4236 γ
116 4169 264 4234 argutiolas
277 4173 310 4220 eb
324 4173 356 4222 de
370 4187 399 4222 re
411 4171 564 4221 contemnit.
641 4217 648 4227 ,
728 4171 965 4221 ,Nirmidarummare
975 4175 1087 4231 metretis,
1097 4175 1215 4234 permixti
1222 4181 1310 4232 essent,

153 4236 172 4285 d
187 4235 286 4300 Simul]
302 4239 385 4300 Dicit,
399 4249 462 4290 tuuc
474 4233 575 4289 tantdm
589 4236 703 4286 Marium
727 4242 787 4286 etin
798 4255 871 4286 ranam
884 4247 971 4301 corpus
982 4242 1136 4296 castrassent,
1150 4238 1218 4285 orbas
1228 4238 1312 4300 sarcie-

117 4303 153 4380 de
164 4303 280 4422 lpp'stsrppp
289 4305 403 4360 adventu
415 4305 580 4375 cognovisse,
591 4303 652 4356 clim
666 4304 705 4370 ip·
729 4307 795 4368 aaut,
805 4309 828 4356 ei
839 4323 899 4370 qaas
909 4309 974 4358 lacae
986 4317 1029 4358 aaa
1039 4322 1111 4356 carras
1124 4308 1293 4368 conjurasset.

118 4385 170 4422 sta
190 4385 219 4425 cs
282 4408 287 4422 ‚
693 4393 696 4398 ·
1109 4401 1112 4408 ι
