3034 5054
208 295 273 354 ast
611 283 681 350 AD
698 283 737 348 C.
754 280 985 347 catsant-:tt

659 421 678 448 0
1184 429 1191 439 .

209 473 286 526 tant·
331 459 430 536 Nam,
448 473 519 540 qua
538 455 664 534 seditio,
682 477 720 518 ac
739 453 894 518 dissensio
912 450 1024 530 civilis,
1041 465 1088 517 tot
1108 467 1239 538 tamque
1258 454 1392 529 illustr-aa

211 546 347 610 familias
362 548 400 607 ab
411 544 505 625 stirpe
517 541 650 606 evertit?
667 541 738 604 Aut
752 561 886 622 quorum
897 559 1035 618 uuquam
1048 540 1181 604 victorii
1195 543 1317 608 animus
1328 561 1392 608 tam

211 651 357 716 preceps,
372 647 500 711 tamque
516 628 741 690 immoderatus
755 625 833 688 fuit?
858 625 898 686 L.
914 623 1010 700 Sulla,
1024 623 1077 687 cui
1090 627 1196 689 omnia
1216 628 1249 690 in
1262 629 1395 692 victorici

210 719 279 800 lege
295 717 366 779 belli
381 715 554 788 licuerunt;
576 712 700 776 tametsi
722 711 763 772 ’ὲ
778 711 916 794 Sulpicio
932 709 1071 772 hostium
1091 728 1192 794 partes
1211 713 1328 776 muniri
1346 715 1394 778 in·

209 803 389 886 tellrgebat:
405 799 545 873 btamen,
560 799 666 882 paucis
680 797 864 870 interiectis,
877 809 1001 857 ceteros
1015 795 1178 872 beneficio,
1196 795 1396 880 quimmetu,

209 889 343 951 retinere
359 885 479 949 maluit.
523 883 572 946 At
585 883 711 946 hercule
726 901 808 944 nunc
821 890 918 942 ccum
933 879 1065 958 Catone,
1077 883 1119 944 L.
1137 883 1289 963 Domitio,
1302 898 1395 948 caete·

208 973 315 1054 risque
345 971 472 1058 ejudem
496 969 661 1042 factionis;
688 965 893 1050 quadraginta
917 979 1097 1040 senatoresc
1127 968 1216 1032 multi
1238 966 1394 1050 praeterei

209 1079 282 1122 cum
298 1079 352 1140 spe
368 1059 447 1119 bont
465 1057 696 1126 adolescentea;
718 1051 810 1115 sicuti
831 1050 951 1127 hostire,
966 1053 1091 1114 mactati
1111 1068 1199 1116 sunt:
1221 1053 1293 1117 citm
1308 1053 1392 1117 inte·

208 1140 263 1205 reri
278 1143 544 1224 importunissima
557 1137 671 1222 genera
681 1138 844 1199 hominum
855 1150 902 1198 tot
912 1136 1099 1198 miserorum
1113 1139 1232 1202 civium
1242 1138 1393 1222 sanguine

208 1228 314 1292 satiari
331 1228 558 1310 nequiverunt:
581 1244 642 1285 non
663 1224 730 1284 orbi
746 1221 847 1297 liberi,
861 1241 923 1282 non
937 1235 1080 1304 parentes
1096 1226 1203 1286 exacti
1217 1241 1314 1302 aetate,
1327 1245 1393 1286 non

207 1315 345 1396 gemitus
360 1313 512 1388 virorum,
526 1311 628 1371 luctus
650 1308 830 1381 mulierum,
850 1305 1032 1384 immanem,
1053 1329 1161 1371 eorum
1182 1310 1323 1372 animum
1345 1308 1394 1370 in·

206 1399 314 1462 flexit:
342 1397 429 1478 quin,
450 1391 594 1458 acerbius
620 1392 721 1456 indies
747 1391 984 1468 malefaciendo,
1007 1413 1044 1454 ae
1069 1394 1218 1474 dicundo,
1239 1394 1392 1480 dignitate

207 1484 297 1560 alios,
312 1482 389 1545 alios
411 1479 549 1558 civitate,
566 1499 713 1541 eversum
734 1478 823 1542 irent
872 1477 959 1540 Nam
981 1477 1059 1560 quid
1079 1489 1140 1562 c'go
1160 1481 1200 1544 de
1222 1495 1254 1544 te
1277 1481 1395 1552 dicam,

206 1567 318 1650 deujus
341 1565 560 1628 contumeliam
581 1563 724 1625 homines
747 1562 943 1645 ignavissimi
965 1564 1026 1626 viti
1048 1567 1103 1626 suti
1124 1580 1320 1628 commutare
1338 1585 1395 1628 vo·

205 1651 294 1713 lunt?
317 1649 444 1710 Scilicet
457 1669 559 1728 neque
575 1647 635 1709 illis
650 1661 739 1710 tantae
755 1648 906 1730 voluptati
921 1661 970 1711 est
989 1647 1145 1732 e(tametsi
1159 1649 1395 1733 insperantibus

207 1733 339 1814 accidit)
361 1731 545 1807 dominatio,
569 1745 685 1814 quanto
707 1731 830 1794 moerori
851 1747 906 1796 tua
927 1733 1082 1816 diguitaa;
1102 1733 1157 1816 qui
1177 1734 1316 1818 optatius
1336 1734 1395 1798 ba·
1491 1763 1492 1780 ¹

207 1821 292 1894 benc,
307 1838 348 1880 ex
361 1832 415 1881 tua
430 1817 603 1880 calamitate
619 1817 814 1900 ¹periculum
827 1817 977 1882 libertatis
989 1819 1103 1896 facere,
1113 1815 1207 1898 quam
1222 1835 1323 1903 perte
1338 1840 1394 1902 po-

206 1903 274 1988 puli
296 1901 393 1966 Rom.
411 1903 579 1986 imperium
601 1901 775 1968 maximum
798 1924 840 1966 ex
860 1925 976 1989 magno
991 1904 1069 1990 fieri.
1113 1903 1192 1979 Qut>
1212 1900 1315 1988 magis
1336 1905 1392 1968 tibi

207 1990 305 2052 etiam
320 2003 414 2071 atque
424 1989 519 2051 etiam
532 1988 637 2050 animo
652 1988 906 2072 prospiciendum
922 2005 980 2065 est,
990 2011 1126 2072 quonam
1142 1991 1237 2054 modo
1246 2011 1314 2053 rem
1329 2005 1393 2054 sta·

206 2075 310 2151 bilias,
322 2073 591 2155 communiasque.
614 2073 702 2135 Mihi
717 2073 847 2156 quidem
862 2096 933 2158 quae
947 2096 1035 2138 mens
1051 2075 1197 2160 suppetit,
1209 2076 1310 2158 eloqui
1325 2096 1390 2138 non

207 2160 369 2222 dubitabo.
414 2157 574 2222 Caeterum
589 2157 636 2221 tui
651 2159 712 2222 crit
726 2160 843 2242 ingenii
858 2163 999 2245 probare,
1013 2181 1082 2244 quae
1097 2183 1182 2238 vera,
1196 2176 1288 2244 atque
1303 2161 1393 2224 utilia

207 2241 293 2307 factu
308 2260 410 2328 putes·
455 2244 494 2306 Ic
508 2244 587 2308 duas
602 2259 705 2328 partes
720 2266 780 2328 ego
799 2245 958 2310 civitatem
973 2247 1110 2310 divisam
1123 2247 1266 2324 arbitror,
1280 2243 1393 2311 sicuti

208 2329 381 2413 majoribus
406 2329 528 2412 accepi3
553 2331 585 2393 in
608 2346 723 2412 patres,
738 2345 772 2393 et
793 2333 928 2414 plebem,
970 2327 1075 2394 Antei
1090 2333 1122 2396 in
1145 2333 1283 2414 patribus
1305 2337 1392 2396 aum·

208 2434 262 2486 ma
286 2413 454 2479 auctoritas
479 2430 556 2493 erat,
580 2415 630 2481 vis
654 2414 755 2480 multd
779 2419 917 2482 maxima
943 2417 976 2482 in
998 2418 1098 2502 plebe:
1143 2419 1255 2502 Itaque
1280 2419 1391 2503 saepius

651 2569 948 2633 incunctantem.

251 2732 264 2765 ¹
286 2730 352 2816 Qui
373 2728 476 2814 magis
497 2743 604 2815 optant
625 2733 792 2799 libertatem
816 2736 987 2819 imperium,
1000 2758 1039 2800 ex
1057 2738 1181 2821 migne,
1195 2748 1258 2823 per
1272 2749 1301 2802 te
1318 2734 1392 2824 ficri

208 2833 295 2876 auam
325 2817 358 2876 in
384 2817 549 2879 discrimen
573 2819 731 2896 adducere,
753 2844 792 2884 ex
817 2822 990 2885 maximum.

210 2900 383 2967 calamitate
408 2904 476 2981 tuci,
502 2901 595 2988 quaint
621 2905 791 2970 Romanum

742 3095 861 3158 noca,

242 3237 288 3288 aei
303 3239 433 3306 Supina]
450 3239 541 3292 Carrio
556 3240 691 3293 veteribus
707 3241 792 3306 libris,
813 3243 941 3296 adversus
964 3241 1148 3298 Mithridatem
1175 3245 1393 3312 proficisceretur.

208 3311 241 3355 ut
250 3305 296 3356 ille
307 3307 356 3366 ait,
366 3308 540 3358 manuductus
553 3321 600 3372 pro
614 3311 726 3374 Subpr'tio,
738 3321 793 3376 ηιρ-
814 3310 855 3360 ΙΙΙί
875 3310 938 3362 vero
959 3312 985 3363 in
1007 3314 1111 3365 laudem
1133 3314 1215 3365 vertit
1235 3315 1316 3380 quod,
1329 3323 1393 3366 tunc

204 3376 291 3437 plicia,
301 3373 435 3437 reposuit:
447 3373 527 3440 idque
536 3389 639 3426 auream
652 3378 793 3430 correctio·
813 3379 951 3444 temporis,
962 3391 1068 3435 coactus
1081 3379 1159 3432 fecit:
1172 3381 1272 3447 alioqui
1283 3388 1344 3447 port
1354 3384 1395 3432 ul-

208 3455 270 3490 nem
292 3445 380 3501 vocat,
401 3456 481 3506 quarn
500 3441 610 3506 quidem
630 3444 726 3504 culvis,
744 3446 795 3510 qui
815 3447 907 3495 timam
926 3448 954 3498 et
969 3446 1071 3498 firmam
1090 3447 1238 3507 victoriam,
1254 3463 1306 3498 non
1325 3447 1395 3501 alius

210 3519 318 3556 sensum
341 3521 506 3558 communem
529 3507 633 3570 habeat,
651 3511 791 3575 probatum
814 3527 928 3578 unquam
942 3514 968 3563 in
981 3513 1054 3564 cives
1064 3514 1138 3581 Sylla
1149 3513 1283 3564 crudelior
1294 3513 1354 3567 tuit.

209 3570 244 3621 iri
253 3588 305 3622 non
315 3572 424 3625 dubitat.
457 3577 505 3624 Me
515 3573 578 3626 verti
588 3575 695 3626 minime
707 3578 793 3642 pudu·
847 3579 1073 3645 consecuturae]
1095 3580 1220 3648 Intellige
1234 3577 1396 3632 senator-esd

210 3636 265 3685 erit
274 3653 335 3687 curn
345 3643 446 3704 paucis,
455 3640 551 3706 quibus
559 3657 652 3693 sensus
661 3642 746 3694 bonus
754 3643 793 3695 fu·
814 3647 922 3708 Catone,
942 3647 1067 3708 Domitio,
1088 3648 1204 3717 ullisque
1225 3663 1260 3698 cx
1280 3644 1397 3700 factione

209 3703 272 3762 erit,
281 3699 298 3752 a
308 3709 440 3756 communi
451 3707 575 3758 recedere
585 3729 591 3765 ς
604 3725 636 3760 eo
645 3711 792 3773 prasertim
815 3713 910 3762 Catari
920 3715 1042 3771 advertit,
1051 3714 1204 3766 interfectos
1211 3713 1310 3774 fuisser
1322 3715 1397 3766 dum·
1489 3717 1490 3744 l

210 3767 345 3846 inductus,
358 3771 509 3836 quddxnisi,
526 3775 634 3838 Sulpitir
651 3777 793 3838 mentione,
814 3777 893 3828 modo
911 3780 1022 3846 nequid
1038 3795 1073 3831 ex
1090 3783 1130 3832 ira
1147 3788 1176 3832 et
1194 3781 1294 3842 dolore,
1303 3791 1396 3834 senatu

210 3841 369 3886 sententiam
396 3854 470 3890 suam
492 3841 645 3901 Sallustius,
667 3849 791 3908 tanquam
814 3846 1222 3900 motusSallustiueadmisceat.
1250 3851 1324 3900 Nota
1332 3847 1395 3906 verri

210 3901 291 3979 metis
308 3901 464 3982 quibusddm
482 3909 669 3985 coarctaverit,
685 3907 793 3960 salsissi·
814 3909 1008 3990 phrasim‚·qua
1020 3913 1113 3976 tacite,
1126 3930 1175 3968 nec
1186 3915 1264 3966 aliter
1274 3915 1357 3981 qudm
1370 3916 1397 3966 in

209 3970 795 4106 tt⁶³ltjt²ltl⁰ttt1ttttlt⁹titt·
815 3981 1246 4112 'eltttiffiitttamt
1257 4051 1398 4115 attam.

210 4100 344 4151 videndus
352 4109 395 4152 est
408 4103 571 4154 Paterculus.
597 4107 789 4161 nitescunt.
815 4113 1094 4176 coronabimini«)
1112 4117 1156 4164 citt
1172 4119 1283 4180 adquam
1292 4117 1397 4183 sedunt

244 4168 262 4217 b
278 4169 378 4229 Tamen,
393 4173 482 4233 paracta
496 4172 653 4236 interfectis]
674 4176 794 4226 Assumit
816 4182 988 4230 contumeliam.

211 4240 306 4284 auctor
315 4233 576 4312 quod-commodum,
586 4248 623 4300 et,
635 4255 684 4318 pro
695 4251 794 4306 tempo·
847 4259 864 4306 ε,
875 4244 1005 4310 Tametsi]
1018 4246 1156 4328 Majotest
1168 4257 1301 4304 tutemet
1309 4247 1400 4318 volup·

211 4314 251 4362 ra
260 4315 350 4372 rerum
360 4299 424 4362 furta
438 4311 578 4370 antequam
587 4307 691 4373 syllam
703 4308 792 4363 Asiam
816 4315 856 4376 tat
866 4321 923 4380 qun
932 4313 1077 4382 insperanti
1087 4315 1191 4382 accidit.
1393 4315 1398 4328 '
