3034 5060
110 355 115 361 ·
177 331 243 393 '120
641 319 892 388 SALLUSTH

176 523 231 566 xx.
257 509 380 562 ²tractu
403 494 482 580 pari,
502 493 629 558 bvastus
653 495 692 559 ab
714 497 835 572 naturis,
850 509 883 558 et
903 493 1040 558 humano
1060 494 1166 560 cultu!
1189 495 1246 558 sed
1266 515 1306 559 ex
1322 503 1369 560 ed

176 586 285 650 medio
300 583 389 666 quasi
409 583 496 644 collis
516 581 683 659 oriebatur,
696 585 727 644 in
744 584 933 644 immensum
949 583 1117 665 pertinens,
1130 583 1265 646 vestitus
1276 584 1368 650 ,olea-

176 689 242 736 stro
260 693 296 733 ac
317 669 471 750 myrtetis,
486 667 617 751 aliisque
633 668 798 749 generibus
818 668 977 744 arborum,
991 689 1059 748 quae
1073 667 1161 730 humi
1179 669 1303 747 carido,
1317 685 1368 730 nt·

176 781 238 842 que
260 775 390 820 arenoso
412 753 594 836 gignuntur.
635 752 775 816 dMedia
795 768 899 816 autem
921 754 1063 837 planities
1083 754 1217 829 deserta,
1235 755 1369 836 penurie

176 865 276 928 aquae,
290 857 401 924 prester
415 839 552 902 fluminis
568 841 741 924 propinqua
755 842 834 902 loca.
879 839 930 911 Ea
943 839 1062 903 consita
1076 840 1222 917 arbustis,
1237 860 1366 923 pecore,

175 948 269 1012 atque
284 925 454 990 cultoribus
465 923 751 1006 frequentabantur.
774 926 877 1008 Igitur
889 926 920 987 in
932 947 971 988 eo
980 925 1068 1003 colle,
1077 946 1171 1006 quern
1187 935 1367 988 ‘transver·
1418 991 1423 1000 ,

176 1039 214 1080 so
236 1013 346 1078 itinere
369 1028 548 1094 porrectum
570 1011 748 1088 docuimus,
763 1011 919 1094 Jugurtha
940 1008 1122 1088 fextenuati
1144 1031 1271 1074 suorum
1293 1012 1368 1074 acie

176 1100 337 1165 consedit:
354 1095 536 1180 elephantis,
544 1113 576 1158 et
587 1097 668 1180 parti
680 1097 839 1180 copiarum
852 1097 1044 1181 pedestrium
1062 1097 1270 1160 Bomilcarem
1284 1118 1369 1180 prae-

176 1189 268 1259 fecit;
284 1205 421 1266 eumque
433 1183 555 1256 edocet,
567 1201 638 1266 quae
650 1198 776 1265 ageret:
792 1185 858 1265 ipse
874 1185 1000 1266 propior
1015 1191 1178 1244 ‘montem
1193 1203 1264 1245 cum
1274 1183 1368 1246 omni

178 1274 330 1356 equitatu,
343 1285 376 1331 et
390 1269 547 1352 peditibus
559 1270 689 1332 delectis
704 1291 777 1332 suos
793 1270 943 1343 collocat;
959 1269 1031 1330 dein
1045 1269 1183 1352 singulas
1193 1283 1369 1346 turmas,et

178 1357 355 1440 manipulos
366 1356 555 1418 circumiens
570 1368 688 1432 monet,
697 1371 790 1437 atque
806 1357 988 1432 obtestatur,
998 1350 1045 1418 uti
1058 1375 1213 1418 memores
1228 1353 1370 1438 pristinae

175 1443 302 1509 virtutis
317 1456 349 1505 ct
364 1440 514 1518 victoris,
529 1463 609 1518 sese,
624 1461 818 1523 regnumque
839 1462 931 1503 suum
949 1442 988 1503 ab
1005 1440 1217 1502 Romanorum
1234 1441 1368 1502 avaritie

176 1529 365 1594 defendant:
388 1547 461 1588 cum
485 1527 535 1588 his
554 1543 713 1589 certamen
733 1526 812 1603 iore,
833 1549 912 1608 quos
934 1542 1025 1590 antea
1046 1526 1146 1589 victos
1168 1527 1227 1588 sub
1245 1526 1368 1610 jugum

176 1615 339 1679 miserint:
362 1612 477 1675 ducem
499 1611 571 1689 illis,
586 1633 647 1674 non
669 1613 822 1691 animum,
834 1627 1008 1676 mutatum:
1031 1633 1102 1695 quae
1116 1612 1154 1673 ab
1173 1613 1369 1696 imperatore

175 1698 367 1774 ¹decuerint,
381 1698 487 1759 omnia
498 1697 562 1760 suis
578 1698 720 1780 provisa3
745 1699 848 1762 locum
868 1699 1083 1780 superiorem
1107 1693 1177 1762 huti
1195 1697 1371 1780 prudentes

176 1807 250 1850 cum
262 1781 436 1868 imperitis3
451 1803 490 1844 ne
503 1785 666 1865 pauciores
681 1805 753 1846 cum
770 1785 921 1868 pluribus,
936 1798 990 1847 ant
1003 1785 1099 1848 rudes
1114 1805 1186 1847 cum
1201 1784 1282 1846 bello
1297 1804 1369 1846 me-

175 1871 317 1948 lioribus,
331 1886 460 1931 manum
475 1883 684 1932 consererent.
717 1869 852 1934 Proinde
868 1871 980 1953 parati,
994 1871 1167 1952 intentique
1182 1883 1287 1932 essent
1301 1869 1368 1954 sig-

175 1979 219 2022 no
232 1958 317 2033 dato,
328 1953 488 2018 Romanos
503 1953 670 2018 invadere:
687 1955 775 2018 illum
792 1958 877 2019 diem
894 1973 948 2019 aut
959 1977 1068 2019 omnes
1078 1957 1212 2031 labores,
1224 1957 1257 2019 e‘t
1267 1957 1369 2019 victo-

175 2045 240 2108 rias
253 2039 521 2116 confirmaturum,
535 2056 589 2104 aut
601 2042 810 2104 maximarum
826 2061 1037 2106 aerumnarum
1052 2041 1179 2105 initium
1194 2041 1273 2111 fore,
1305 2041 1369 2105 An
1451 2067 1452 2074 ¹
1502 2061 1506 2072 ·

175 2131 236 2194 hoc
258 2127 389 2204 viritim,
403 2122 451 2188 uti
475 2147 633 2208 quemque
655 2129 696 2188 ob
718 2127 852 2190 militare
874 2127 993 2190 facinus
1013 2129 1155 2212 pecunii,
1173 2142 1227 2192 aut
1245 2127 1369 2190 honore

176 2215 342 2290 extulerat,
352 2210 620 2296 commonefacere
636 2213 778 2276 beneficii
790 2215 851 2288 sui,
862 2231 894 2278 et
909 2235 981 2278 eum
993 2216 1096 2296 ipsum
1108 2216 1178 2278 aliis
1194 2227 1369 2276 ostentare:

96 2305 101 2318 '
175 2297 350 2386 postremo,
364 2317 422 2380 pro
444 2293 597 2381 cujusque
618 2298 749 2382 ingenio
767 2301 953 2383 pollicendo,
969 2301 1157 2376 minitando,
1172 2300 1372 2380 obtestando,

177 2388 274 2451 atium
290 2383 353 2446 alio
371 2383 468 2444 modo
481 2385 637 2448 excitaret
659 2406 733 2448 cum
751 2385 877 2449 interiin
892 2387 1056 2464 Metellus,
1073 2386 1200 2468 ignarus
1215 2386 1370 2462 hostium,

177 2486 285 2536 monte
300 2468 490 2554 degrediens
504 2491 578 2534 cunr
593 2471 734 2536 exercitu
751 2469 984 2556 iconspicatur:
1007 2471 1118 2540 Primo
1133 2473 1260 2556 dubuis,
1274 2473 1372 2556 quid·

624 2662 922 2713 INTERPRETATIO.

616 2747 622 2773 l

143 2887 146 2898 ¹
220 2819 232 2854 ¹
254 2814 423 2901 Jugurtda
437 2830 543 2878 monet
563 2815 678 2879 milites
690 2838 727 2880 se
741 2817 918 2902 providisse
932 2817 999 2882 stn's
1015 2818 1170 2883 eanmnin
1183 2839 1251 2903 qne
1264 2819 1369 2884 decue-

179 2905 246 2968 rint
256 2905 415 2989 pronideri
430 2903 467 2968 ab
482 2904 675 2988 imperatore.

710 3077 825 3126 NOTAE.

211 3230 423 3294 sTeoctnpnrt‘J
445 3229 477 3282 ld
493 3233 546 3288 est,
562 3239 655 3278 tannnn
671 3230 760 3280 liabens
816 3245 835 3295 g
858 3228 993 3294 Mentem]
1030 3231 1088 3288 Qud
1114 3231 1225 3292 scilicet,
1249 3230 1373 3281 Metello

178 3301 347 3363 longitndine,
358 3307 474 3360 qnantum
486 3297 502 3346 el
508 3297 590 3361 fluvio
602 3298 718 3346 distabat.
783 3297 908 3348 transitus
921 3308 993 3350 erat:
1014 3307 1095 3366 atque
1110 3301 1182 3360 hinc,
1193 3299 1268 3350 tides
1280 3295 1313 3348 ed
1328 3300 1374 3350 in-

211 3367 227 3416 b
244 3363 354 3428 Vartus.]
369 3363 419 3414 Ubi
436 3379 484 3414 nec
497 3363 603 3414 arbores
615 3371 698 3425 crant,
710 3379 759 3414 nec
783 3363 863 3414 sidius
876 3367 1007 3416 struxisse
1016 3369 1030 3417 J
1035 3369 1185 3433 ugurthnm,
1197 3367 1242 3417 ubi
1253 3379 1328 3417 mons
1338 3366 1370 3416 in

176 3430 293 3484 frutices.
451 3465 454 3476 .
665 3430 668 3441 “
782 3431 876 3482 collem
891 3433 1035 3493 desinebat.

210 3498 336 3562 caliido]
356 3495 386 3548 ld
405 3502 457 3559 est,
472 3499 598 3560 andraee,
610 3513 668 3548 nam
686 3501 759 3559 hermi,
815 3501 833 3549 h
853 3499 922 3564 Uet]
942 3503 983 3550 Ne
998 3502 1035 3552 ita
1050 3501 1174 3566 accipias,
1191 3499 1267 3566 qussi
1279 3499 1374 3549 omnis

177 3567 249 3630 quod
271 3574 364 3632 postea
384 3566 410 3616 in
435 3565 588 3616 adverbium
608 3565 684 3627 abne,
705 3567 759 3622 hle,
782 3581 840 3632 quae
862 3567 1124 3634 sequuntur-effecta
1144 3570 1198 3618 sint
1216 3567 1275 3634 ejus
1294 3567 1372 3632 quod

177 3647 250 3681 more
261 3634 377 3698 antiquo,
387 3648 435 3698 pro
449 3632 572 3683 Genitiro
584 3633 698 3697 positum
710 3641 759 3684 est.
782 3633 863 3694 dixit,
875 3635 964 3685 locum
977 3635 1138 3698 superiorem
1155 3636 1211 3686 suis
1223 3633 1372 3700 provisum.

211 3695 354 3762 Medis]
367 3703 424 3750 Hoc
433 3709 483 3762 est,
495 3704 599 3764 spatium
609 3703 674 3764 pand
681 3701 761 3750 collem
782 3704 958 3768 Qtraecumqne
978 3711 1115 3753 enumerat
1132 3702 1280 3756 commoda,
1298 3715 1373 3752 seor-

176 3767 242 3814 inter
250 3766 370 3829 etstumen
377 3769 560 3830 porrigebatur.
783 3770 831 3818 sim
844 3769 971 3819 sumenda
981 3775 1052 3828 sunt,
1061 3769 1098 3818 ita
1111 3779 1149 3829 ut,
1159 3769 1231 3836 quod
1244 3767 1373 3832 &lugur-

210 3847 226 3882 e
240 3831 416 3895 Transverso]
428 3834 560 3899 Intellige,
568 3833 620 3884 iter
628 3831 689 3882 colli
701 3831 760 3882 sub·
782 3835 825 3886 the
843 3842 1013 3901 prospectum
1025 3834 1114 3898 fuerit,
1127 3834 1166 3886 uti
1179 3836 1324 3901 prudentes
1336 3838 1373 3883 lo-

173 3897 277 3965 jectum
290 3898 382 3958 fuisse,
398 3902 437 3950 ita
453 3910 484 3958 ut
495 3900 630 3966 iugurtha
647 3901 759 3966 ejusque
783 3917 938 3956 comininum
957 3903 1097 3968 imperitis,
1115 3909 1258 3962 certarent,
1276 3917 1374 3952 secun-

176 3965 311 4017 exercitus
323 3967 519 4018 transeuntibus
537 3969 693 4020 immineret.
782 3969 844 4020 dum
858 3969 903 4020 sit.
937 3973 975 4020 Ut
989 3985 1082 4020 sensus
1101 3971 1218 4038 apertior
1233 3975 1317 4030 esset,
1331 3969 1375 4018 in·

211 4032 225 4084 f
231 4031 405 4096 Entennntd]
428 4033 552 4100 intellige
563 4049 657 4102 agmen
668 4034 695 4084 in
707 4034 762 4084 lon·
783 4036 965 4104 terpnnctione
977 4037 1086 4087 mutavi.

177 4101 323 4164 gitudinem
336 4107 496 4165 porrectum.
523 4105 761 4162 Leserccdrons,nr'
814 4103 1027 4168 iCcnspicntnrJ
1050 4101 1170 4166 Passive,
1189 4102 1260 4170 quod
1277 4117 1372 4153 rarum
1414 4114 1417 4120 ·

178 4172 213 4217 les
222 4170 359 4228 barcillone,
368 4167 393 4216 n’
402 4173 556 4234 ancientpas
566 4173 596 4220 de
600 4170 758 4234 profundere.
781 4181 830 4222 est.
863 4175 903 4222 Its
915 4175 999 4223 Varro
1017 4172 1088 4236 apud
1106 4171 1282 4228 Priscianum,
1297 4173 1374 4220 Pan·

176 4233 288 4288 ltnverd
301 4235 384 4286 aciem
395 4234 548 4287 instructam
557 4238 685 4302 oportuit,
696 4239 758 4288 utin
778 4247 865 4302 pertas
876 4241 924 4290 lnce
935 4257 983 4290 non
994 4243 1032 4290 ita
1044 4245 1182 4301 nutricata,
1194 4248 1223 4289 nt
1233 4255 1299 4290 nunc
1312 4251 1372 4289 sott-

176 4315 207 4348 nn
229 4304 316 4361 ustiis‚
328 4301 443 4366 bostium
458 4303 604 4371 itt-longum
615 4305 759 4368 productos
781 4310 900 4370 spiratur.

176 4315 292 4429 ordines,
301 4369 421 4435 pluribus
430 4385 465 4424 cx
477 4370 543 4422 locis
555 4369 696 4428 invaderet.
