3034 5060
403 326 606 398 nectunt
629 327 1008 432 Jnounrnrnont,
1131 361 1136 372 -
1237 341 1301 400 ns

19 471 22 578 l
108 507 236 594 legatus
252 529 322 574 oum
337 507 494 590 equitibus
503 506 648 571 curabat:
666 505 873 590 iuuenumque
885 505 968 570 latua
982 503 1105 588 equites
1116 501 1297 570 auxiliarios

19 587 21 658 l
113 597 248 660 tribunis
262 594 430 676 legionum,
440 610 472 658 et
480 593 634 684 praelectis
646 591 822 656 cohortium
831 593 1068 674 dispertiverat:
1085 586 1133 656 uti
1145 612 1218 654 cum
1230 591 1299 654 ¹lais

19 713 20 762 i
112 681 263 764 permixti
276 681 429 754 ²Velites‚
441 701 641 762 quocumque
653 679 846 756 accederent,
857 678 1014 760 equitatus
1026 675 1165 740 hostium
1174 677 1297 760 propul-

114 781 229 830 sarent.
274 766 360 828 Nam
382 767 415 826 in
431 765 587 846 Jugortlra
608 780 711 828 tantus
728 764 830 842 dolus,
844 779 992 846 tantaque
1014 762 1126 847 peritia
1148 764 1300 840 locorum,

111 869 145 914 et
158 853 277 916 militiae
293 865 375 924 eram
393 866 438 928 ut,
454 854 563 914 absens
579 871 617 912 aa
633 870 777 933 presens,
786 870 895 934 pacem
911 869 951 912 an
965 849 1080 938 bellum
1096 869 1219 932 gerens,
1230 869 1300 930 per·

111 938 264 1005 niciosior
277 951 372 1013 esset,
388 936 421 996 in
437 937 555 998 incerto
570 936 746 998 haberetur.
770 935 849 999 Erat
862 935 947 999 haud
960 931 1053 1018 longia
1070 936 1108 996 ab
1123 955 1162 998 eo
1177 934 1301 1010 itinere,

19 1069 24 1084 .
113 1045 178 1104 quo
194 1023 349 1086 Metellus
365 1022 523 1104 pergebat,
530 1023 683 1106 oppidum
693 1022 922 1098 Numidarum,
932 1020 1058 1084 nomine
1070 1021 1185 1098 Vacca,
1194 1019 1302 1086 sorum

111 1130 218 1174 rerum
235 1105 394 1174 venalium
413 1107 511 1170 totius
532 1107 621 1189 regni
642 1103 781 1170 maxime
805 1107 1015 1181 celebratum
1040 1105 1093 1168 ubi
1109 1120 1140 1170 et
1155 1107 1302 1179 incolere,

111 1208 144 1257 et
157 1195 292 1258 mercari
310 1207 535 1257 consueverant
551 1193 653 1256 Italici
669 1194 793 1276 generis
807 1193 898 1256 multi
913 1193 1070 1258 mortales.
1094 1191 1168 1256 Huc
1182 1195 1303 1270 consul,

109 1279 206 1344 simul
226 1277 391 1341 btentandi
406 1277 517 1361 gratia,
531 1292 574 1356 et,
589 1277 616 1340 si
632 1291 811 1361 paterentur
830 1277 1075 1360 opportunitates
1091 1277 1164 1355 loci,
1183 1282 1301 1362 ’ἕρνε-

108 1365 232 1428 sidium
247 1363 418 1448 imposuit3
439 1377 588 1448 praterea
607 1362 775 1447 imperavit
788 1362 993 1440 frumentum,
1008 1377 1040 1426 et
1054 1363 1124 1438 alia,
1139 1384 1206 1444 quae
1220 1360 1302 1430 bello

108 1451 186 1514 usui
199 1449 311 1528 forent,
326 1465 539 1532 comportare:
563 1465 648 1512 ratus
668 1449 703 1512 id
718 1449 804 1531 quod
826 1469 877 1512 res
898 1449 1076 1527 monebant,
1092 1447 1303 1532 frequentiam

107 1537 353 1618 negotiatorum,
369 1549 401 1596 et
420 1531 656 1599 &commeatum
671 1535 858 1618 juvaturum
876 1534 1066 1614 exercitum,
1081 1549 1112 1598 et
1129 1536 1198 1618 jam
1214 1555 1303 1620 para·

108 1622 152 1684 tis
174 1623 271 1685 'rebus
295 1621 525 1686 munimentum
540 1619 618 1684 fore.
664 1622 752 1684 Inter
775 1621 841 1685 haec
858 1622 984 1705 negotia
1002 1621 1158 1706 Jugurtha
1182 1621 1302 1704 impen-

103 1705 181 1773 ⁴sitis
196 1705 293 1770 modd
303 1707 424 1789 legatus
440 1707 595 1789 supplices
611 1705 747 1784 mittere,
755 1725 865 1790 pacem
879 1727 980 1785 orare,
989 1723 1102 1789 praeter
1113 1727 1214 1784 suam,
1225 1708 1302 1770 libe-

109 1813 285 1873 torumque
300 1791 411 1866 vitam,
425 1793 532 1852 omnia
555 1789 689 1854 Metello
710 1793 839 1854 dedere.
883 1791 975 1865 Quos
995 1794 1084 1870 itcrn,
1101 1791 1148 1856 uti
1171 1795 1303 1878 priores,

108 1877 222 1940 consul
236 1876 355 1938 illectos
372 1877 411 1936 ad
428 1875 637 1956 proditionem
653 1874 785 1940 domum
803 1875 964 1940 mittebat:
987 1878 1056 1958 regi
1071 1899 1191 1960 pacem,
1206 1899 1302 1962 quarn

19 2023 21 2038 ,
109 1961 301 2046 postulabat,
316 1981 418 2041 neque
434 1961 580 2042 abnuere,
591 1981 694 2042 neque
708 1960 853 2044 pollicere
865 1985 874 2034 ς
889 1974 921 2023 et
935 1960 1016 2024 inter
1029 1981 1082 2024 eas
1094 1983 1196 2026 moras
1211 1975 1302 2046 ‘pro-

19 2099 23 2116 .
108 2047 210 2112 missa
225 2047 399 2126 legatorum
415 2060 591 2128 expectare.
635 2045 793 2128 Jugurths
807 2045 861 2108 ubi
885 2045 1010 2109 Metelli
1026 2046 1110 2110 diota
1124 2069 1197 2112 eum
1213 2045 1303 2112 lactis

109 2131 302 2218 composuit,
316 2152 352 2193 ac
366 2131 433 2194 suis
448 2154 482 2194 se
497 2127 631 2194 fartibus
647 2131 759 2196 tentari
774 2131 1014 2205 animadvertitt
1038 2133 1154 2217 quippe
1166 2133 1218 2198 cui
1233 2153 1303 2197 ver·

19 2221 21 2230 '
108 2219 160 2282 bis
187 2239 249 2302 pax
272 2218 489 2295 nunciabatur,
514 2207 662 2280 caetert‘am
686 2237 721 2280 re
751 2217 867 2281 bellum
897 2219 1106 2302 asperrimum
1130 2234 1208 2297 erat,
1228 2219 1304 2283 urbs

109 2307 251 2368 maxima
271 2305 414 2382 alienata,
432 2324 508 2388 ager
529 2302 672 2366 hostibus
687 2303 848 2385 cognitus,
867 2305 989 2368 ganinti
1011 2305 1220 2389 popularium,
1235 2319 1302 2369 ten·

109 2393 185 2454 tati:
204 2403 329 2453 coactus
344 2409 450 2454 rerum
466 2388 708 2466 necessitudine,
723 2389 832 2452 statuit
845 2389 940 2452 armis
956 2407 1084 2454 certare.
1119 2392 1233 2474 Igitur,
1247 2413 1303 2456 ex·

112 2477 235 2559 plorato
251 2475 389 2539 hostium
405 2475 527 2559 itinere,
542 2474 574 2536 in
589 2493 679 2557 spem
694 2474 833 2538 victoriae
848 2475 1003 2538 adductus
1018 2497 1059 2540 ex
1073 2478 1303 2560 opportunitate

110 2563 187 2640 loci,
206 2558 301 2644 quim
320 2563 476 2624 maximas
495 2573 608 2644 potest,
623 2562 728 2643 copias
747 2561 890 2638 omniurn
913 2582 1064 2644 generum
1084 2577 1181 2644 parat,
1196 2584 1232 2626 ac
1247 2585 1304 2646 per

110 2645 256 2710 tramites
279 2648 419 2710 occultos
442 2646 616 2709 exercitum
642 2645 770 2710 Metelli
794 2647 962 2710 antevenit.
1007 2645 1086 2711 Erat
1108 2648 1140 2710 in
1161 2651 1197 2710 ei
1216 2665 1304 2733 parte

112 2733 279 2797 Numidiae
297 2754 392 2815 quam
409 2730 564 2794 Atherbal
583 2731 617 2794 in
635 2730 791 2796 divisione
812 2733 1004 2816 possederat,
1019 2733 1147 2812 flumen,
1161 2735 1265 2798 oriens
1284 2733 1304 2795 i

111 2819 248 2908 meridie
263 2819 390 2884 nomine
409 2817 561 2894 Muthul,
583 2813 602 2877 ti
617 2837 681 2900 quo
697 2818 803 2882 aberat
819 2835 908 2882 mons
923 2816 1027 2882 ferm&
1041 2819 1140 2884 millia
1154 2840 1304 2904 passuum

556 3003 856 3060 messanensem.

73 3217 77 3222 .
156 3163 168 3197 ¹
190 3159 235 3222 Ut
253 3157 360 3224 Velites
368 3159 520 3244 permixti
536 3181 602 3222 eum
617 3161 699 3248 equi·
721 3160 872 3238 tentandi,
883 3171 913 3224 et
927 3159 1107 3260 presidium
1122 3160 1304 3245 imponendi

110 3247 195 3313 aas
206 3245 427 3330 propulsarent
442 3246 594 3332 equitatus
604 3249 699 3308 doeti—
720 3250 750 3310 st'
774 3259 1016 3332 opportumaates
1036 3248 1093 3310 lori
1110 3260 1305 3331 poterentur,

102 3349 164 3396 tam
187 3349 402 3416 quamcumque
421 3331 456 3393 in
473 3343 598 3415 partem
619 3347 701 3396 acce·
721 3333 838 3396 deinde
857 3353 893 3396 re
916 3333 1039 3418 cognita
1053 3334 1233 3418 praesidinm
1249 3335 1304 3394 im·

110 3417 233 3482 derent.
718 3417 835 3503 pos-trit.

156 3504 171 3584 ξ
189 3502 302 3567 Consul
320 3504 379 3566 leue
397 3501 467 3583 itit,
479 3502 576 3566 simul
590 3504 701 3587 gratid

652 3691 767 3745 NOTAE.

147 3861 164 3896 a
178 3837 288 3910 Velitne]
311 3844 391 3896 Ievis
403 3851 479 3896 erant
490 3853 623 3899 armature
634 3845 702 3897 tnili-
756 3845 776 3898 d
787 3845 968 3913 Commeatum]
978 3845 1058 3902 certe
1070 3859 1215 3908 ammenta:
1227 3847 1307 3900 sicuti

113 3919 166 3976 tes,
187 3913 286 3992 gladio,
303 3910 473 3992 jaculatoris,
492 3915 581 3976 unta,
601 3919 702 3980 parma·
726 3914 831 3976 Ursino,
840 3915 904 3998 milti
915 3931 1022 4046 puoque
1031 3916 1167 3996 placeret.¹

112 3989 327 4110 qui’ilillli']
348 4045 380 4098 a
406 4055 457 4105 st,
486 4043 521 4100 n
538 4059 702 4114 comma,
724 3980 1307 4116 ,tflt'ttztdttttalltlfssffl‘¹⁶·

114 4115 180 4188 quid
190 4131 216 4162 er
227 4119 254 4163 in
266 4117 315 4166 loeo
324 4115 388 4179 fien'
401 4119 595 4180 posteaquam
608 4116 702 4180 Iugar-
757 4113 772 4166 l
779 4113 908 4180 Arum]
926 4117 1003 4169 Dolis
1014 4117 1130 4176 seilicet,
1139 4113 1241 4182 quibus
1254 4116 1307 4164 Au-

114 4183 161 4230 tlra
173 4192 311 4261 conaretur,
323 4199 357 4232 an
366 4193 426 4234 rest
436 4184 519 4233 verbis
528 4187 669 4234 idemrrret.
724 4182 788 4242 lunt,
800 4184 921 4250 aliosque
933 4185 959 4234 in
971 4185 1080 4250 laqueos
1092 4183 1241 4234 induxerat.
1323 4255 1325 4260 Ι

19 4283 20 4290 1
149 4248 344 4325 oi'raeridram]
364 4251 484 4328 Necesse
495 4248 556 4312 fuit,
567 4256 598 4300 ut
609 4265 702 4302 sensas
787 4249 891 4314 aaran]
911 4251 1092 4313 sollicetum
1104 4245 1183 4300 modd
1192 4247 1306 4328 legttps,

19 4319 21 4342 ²
114 4320 274 4434 {appptersettuip1
282 4315 353 4434 pnrppp
351 4312 640 4450 1›enipitppitcelSalltltstio
648 4317 703 4375 dic·
724 4266 1044 4440 sejequospispletellaa
1061 4314 1225 4384 erogarem
1241 4316 1307 4370 alte·

226 4417 236 4443 ι
331 4439 334 4443 ,
448 4398 641 4460 oneauppete.
721 4398 740 4436 n
798 4398 856 4454 qua
870 4399 907 4438 ιη
