3026 5056
234 305 298 370 240
633 293 703 367 AD
719 301 758 366 C«
775 297 1006 368 CAESAREM

232 477 329 560 ²reip.
349 473 486 538 consiliis
505 471 688 547 adfuerunt;
711 495 811 555 neque
831 495 885 538 eos
904 470 1008 556 magis
1029 477 1205 561 occupatio,
1221 480 1315 563 qudm
1336 483 1407 548 beu.

231 567 327 645 perba
342 561 473 643 imperia
488 560 671 622 distinuere.
717 561 871 622 Homines
887 562 1004 623 nobiles
1019 583 1091 623 cum
1114 567 1223 646 paucis
1238 573 1406 648 senatoriis,

231 669 310 728 quos
331 644 563 708 cadditamenta
578 643 719 706 factionis
742 647 863 721 habent,
878 667 1081 727 quaecumque
1096 649 1189 717 libuit
1204 654 1345 734 probare,-
1360 677 1407 716 re.

230 733 434 816 prehendere,
450 732 626 806 decernere,
641 752 688 805 ea,
699 726 745 793 uti
762 730 859 792 libido
875 732 955 809 tulit,
970 731 1086 795 fecere.
1131 734 1254 806 Vetrim
1272 739 1336 815 ubi,
1351 761 1407 802 nu.

229 840 319 880 mero
339 831 514 880 senatorum
531 830 632 891 aucto,
647 837 702 897 per
722 817 864 878 tabellam
882 818 1040 880 sententia·
1057 820 1219 896 dicentum
1240 824 1289 885 illi
1301 847 1406 907 super-
1495 875 1496 884 ,

228 903 314 966 biam
329 923 417 966 suam
437 902 603 973 dimittent,
621 902 673 962 ubi
694 901 733 962 iis
753 901 960 964 obediendum
977 903 1047 978 erit,
1062 905 1176 984 quibus
1191 906 1278 970 antea
1295 913 1406 974 crude-

229 986 349 1052 lissime
365 988 592 1068 imperitabant.
616 985 769 1061 Forsitan,
781 986 959 1069 imperator,
970 990 1114 1070 perlectis
1129 990 1226 1054 literis
1235 994 1406 1069 desideres,

230 1096 325 1156 quent
340 1093 505 1136 numerum
520 1089 695 1134 senatorum
714 1072 779 1133 lieri
794 1073 930 1154 placeat;
954 1095 1080 1155 quoque
1096 1076 1193 1138 modo
1207 1078 1239 1138 in
1252 1080 1406 1156 multa-et

227 1162 317 1222 varia
331 1159 429 1222 officia
445 1158 668 1220 distribuatur:
685 1153 897 1239 sedquoniam
907 1159 1030 1241 judicia
1041 1159 1148 1241 primae
1160 1162 1266 1224 classis
1278 1166 1403 1227 mitten-
1494 1151 1496 1228 l

228 1247 270 1308 da
283 1262 401 1328 putem,
416 1265 483 1325 quae
497 1242 697 1324 edescriptio,
712 1244 766 1323 qui
782 1263 940 1318 numerus,
956 1244 987 1305 in
1003 1265 1127 1327 qnoque
1144 1268 1270 1328 genere,
1278 1249 1403 1312 brturus
1495 1253 1496 1322 ἶ

229 1332 282 1394 sit.
325 1329 374 1392 Ea
389 1329 467 1392 mihi
483 1327 587 1390 omnia
603 1330 774 1409 generatim
789 1330 965 1392 describere
987 1330 1070 1394 baud
1086 1331 1209 1395 difficile
1225 1332 1307 1404 factu
1323 1334 1405 1409 fuit3
1494 1371 1496 1384 ι

227 1417 283 1478 sed
295 1415 379 1499 prius
389 1413 591 1476 laborandum
604 1413 707 1474 visum
719 1427 766 1475 est
777 1414 816 1475 de
828 1417 949 1476 summai
960 1415 1091 1493 consilii,
1103 1416 1198 1498 idque
1209 1418 1268 1481 tibi
1275 1421 1404 1500 proban-

228 1503 305 1565 dnm
318 1521 427 1562 verum
442 1521 521 1561 esse.
565 1498 599 1560 si
612 1499 671 1560 hoe
684 1495 812 1560 fitinere
827 1502 872 1561 uti
887 1501 1075 1577 decreveris,
1089 1517 1198 1564 caetera
1211 1505 1242 1566 in
1259 1521 1404 1589 promptu

226 1602 329 1650 erunt.
372 1585 457 1648 Volo
472 1607 531 1667 ego
551 1583 714 1646 consilium
734 1605 841 1646 meum
862 1587 1012 1668 prudens,
1025 1586 1224 1669 maximeque
1240 1589 1311 1652 usui
1327 1611 1405 1654 esse.

227 1671 316 1733 Nam
330 1670 518 1750 ubicumque
530 1669 587 1730 tibi
600 1690 649 1729 res
663 1689 808 1752 prospera
821 1671 921 1744 cedet,
933 1670 976 1732 ibi
991 1671 1065 1732 mibi
1080 1673 1253 1737 bonafama
1266 1675 1403 1739 eveniet.
1495 1689 1496 1706 ²

226 1756 290 1818 Sed
306 1776 357 1816 me
371 1755 424 1816 illa
443 1750 545 1836 magis
566 1754 680 1834 cupido
699 1769 834 1831 exercet,
850 1751 896 1816 uti
913 1753 1110 1837 quocumque
1128 1759 1235 1830 modo,
1249 1773 1280 1820 et
1295 1781 1406 1840 quam·

225 1840 377 1925 primlrm,
391 1859 473 1920 resp.
489 1841 665 1924 adjuvetur.
689 1838 882 1902 Libertatem
898 1842 996 1923 gloria
1010 1843 1160 1903 cariorem
1175 1843 1296 1916 habeo;
1313 1860 1406 1926 atque

225 1948 287 2010 ego
305 1942 336 1988 te
358 1947 425 2000 oro,
447 1925 626 2006 hortorque,
647 1945 686 1986 ne
709 1925 938 1988 ¹clarrissimns
963 1927 1143 2009 imperator,
1166 1929 1285 1991 Gallici
1315 1947 1406 2011 gente

225 2014 361 2086 subacti,
376 2010 481 2094 populi
498 2010 592 2072 Rom.
608 2029 768 2072 summum
784 2027 877 2096 atque
898 2013 1047 2074 invictum
1065 2015 1230 2098 imperium
1247 2017 1405 2077 tabescere

225 2112 393 2172 vetustate,
407 2117 443 2158 ac
459 2117 513 2178 per
526 2115 681 2158 summam
698 2097 886 2158 discordiam
903 2097 1009 2176 dilabi,
1023 2099 1161 2180 patiaris.
1207 2097 1361 2174 Profectd,
1375 2101 1404 2163 si

224 2183 260 2246 id
281 2183 412 2258 accidat,
433 2203 533 2263 neque
555 2180 612 2242 tibi
633 2202 707 2258 nox,
727 2202 828 2264 neque
851 2184 930 2259 dies,
955 2193 1086 2246 gcuram
1108 2186 1204 2246 animi
1230 2187 1403 2260 sedaverit;

224 2267 300 2350 quin
315 2267 479 2330 insomniis
499 2267 684 2344 2εκεῐοίῑιιει,
697 2263 895 2344 furibundus,
908 2286 1006 2351 atque,
1016 2289 1135 2348 amens,
1155 2273 1287 2353 alienata
1301 2286 1404 2334 mente

223 2353 347 2418 feraris.
391 2351 538 2434 Namque
554 2351 631 2414 mibi
648 2373 704 2435 pro
718 2373 793 2414 vero
812 2369 941 2430 constat,
956 2355 1096 2418 omniurn
1113 2359 1291 2418 mortalium
1306 2357 1402 2418 vitam

222 2439 332 2502 divino
352 2437 479 2501 numine
501 2437 635 2510 ³invisi;
665 2458 766 2520 neque
788 2438 916 2515 bonum,
937 2461 1037 2522 neque
1061 2443 1178 2504 malum
1201 2441 1319 2504 facinus
1346 2463 1401 2504 cu·

219 2525 369 2608 jusquam
392 2545 449 2606 pro
462 2522 559 2584 nihilo
582 2521 710 2595 baberi;
734 2523 790 2610 sed
810 2543 851 2586 ex
873 2528 991 2602 natural,
1005 2526 1130 2588 diversa
1151 2527 1278 2609 praemia
1295 2529 1400 2602 bonos,

223 2609 396 2692 malosqus,
415 2609 516 2690 sequi.
561 2605 685 2672 Interea
703 2605 784 2671 forte
809 2630 846 2671 ea
872 2609 995 2673 tardius
1017 2614 1205 2694 procedunt:
1233 2634 1309 2676 suus
1335 2611 1401 2676 cui-

665 2756 961 2831 rnrnnennmrmss

266 2933 338 2996 ¹Ne
355 2931 424 2996 crim
444 2932 490 2994 cis
507 2931 695 2996 clarissimus
710 2933 801 3014 impe·
825 2943 922 2994 mente
931 2929 1065 3016 ser-aris.
1089 2974 1092 2982 ,

222 3017 396 3096 rotor,'&c.
867 3017 1092 3104 ³Namqucpr0
1104 3021 1399 3104 cer·tocornperi,onr·
1494 3025 1495 3030 ’

154 3140 157 3150 ·
223 3163 226 3172 ,
263 3105 357 3190 Quo
369 3101 471 3166 minio
485 3104 517 3163 in
528 3103 654 3164 somniis
662 3114 800 3174 vexatus,
825 3102 908 3166 nirrm
928 3107 1099 3168 accitanam
1114 3109 1207 3170 vitum
1227 3110 1332 3171 divine
1346 3131 1398 3172 nti·

211 3190 416 3274 furibundus,
445 3201 535 3272 atquc
559 3209 672 3266 amena,
701 3191 796 3252 emolci
825 3188 904 3250 mine
918 3191 1013 3250 cerni.

753 3359 867 3407 NOTAE.

252 3488 268 3521 a
278 3473 350 3537 Rer'p.
359 3467 487 3533 consiliis]
496 3468 596 3528 Quibus
604 3469 640 3520 de
648 3467 798 3534 reipublicae
832 3533 837 3544 Ι
855 3485 874 3534 g
888 3467 1001 3532 Ouium]
1017 3472 1188 3525 Conscientiae
1200 3489 1311 3540 angores
1330 3476 1402 3524 intel·

218 3539 285 3590 bono
297 3539 502 3601 disceptabatur.
822 3534 886 3600 ugit.
932 3533 1061 3587 Cetei-lim
1086 3548 1185 3590 summa
1209 3556 1267 3590 arte
1293 3556 1399 3605 scopum
1485 3538 1494 3604 ¹3

251 3605 267 3654 b
287 3606 415 3670 Superbo]
436 3601 514 3660 Qudcl
532 3617 673 3672 paucorum
695 3599 797 3652 nollent
820 3617 895 3650 suum
908 3603 1047 3654 Sallustius
1060 3606 1220 3656 disslnmlat.
1246 3607 1286 3656 Ed
1298 3615 1401 3671 spectat

217 3671 365 3722 subservire
377 3671 512 3735 superbiae.
819 3675 875 3718 tota
883 3669 978 3730 oratio,
986 3679 1017 3719 ut
1028 3687 1158 3722 summurn
1169 3674 1307 3739 imperium
1316 3676 1399 3724 Caesar
1493 3715 1494 3725 ,

250 3735 475 3800 ostentamenta]
496 3741 536 3786 lta
547 3736 666 3801 loquitur
674 3734 709 3784 do
722 3733 795 3784 mini·
818 3743 941 3802 occupet,
951 3751 1058 3799 sperans
1068 3755 1098 3789 se
1107 3755 1154 3804 per
1162 3755 1234 3800 curn,
1244 3741 1305 3790 illos
1346 3755 1400 3790 rse—
1487 3741 1494 3795 ,l

214 3803 280 3854 stris
292 3812 320 3852 et
331 3803 489 3854 satellitibus
500 3803 628 3867 superbiae
642 3816 794 3868 paucorum,
817 3813 951 3863 cucurum,
962 3801 979 3852 al
990 3803 1088 3868 quibus
1102 3815 1194 3856 serratu
1206 3815 1294 3856 motus
1318 3814 1399 3855 uerat.
1489 3833 1490 3837 =

178 3885 180 3892 ’
214 3869 266 3920 hoc
278 3877 320 3920 est
329 3869 363 3920 de
373 3870 416 3931 iis,
427 3870 474 3936 qni
484 3885 553 3919 coeco
565 3869 693 3934 obsequio
704 3874 794 3932 poten·
818 3867 947 3918 Plurimus
957 3869 991 3919 ad
1004 3871 1069 3921 bano
1081 3887 1137 3923 rem
1146 3888 1238 3922 causas
1251 3874 1397 3932 subtexuit,
1487 3862 1494 3915 l

213 3937 335 3995 tionibus,
346 3936 372 3984 in
384 3937 502 3994 omnibus
514 3933 732 4002 suffragabantur.
816 3943 844 3982 at
862 3933 974 4001 gloriam
994 3935 1172 4000 potissimum,
1188 3941 1244 4006 qual
1266 3935 1322 3990 ferd
1339 3939 1396 3988 sold

179 3999 188 4020 ⁴
247 3999 793 4065 dQuoniam]ldestffluiddeuttssaciat
815 4002 900 4051 Julius
923 4004 1082 4054 movebatur.
1116 4007 1208 4072 Neque
1232 4006 1261 4056 id
1284 4004 1395 4066 tantun,
1488 4002 1494 4037 ἵ

211 4074 278 4122 ulum.
395 4089 398 4096 ·
815 4084 876 4118 curn
889 4067 986 4118 virture
1001 4071 1113 4135 gloriam
1125 4072 1162 4120 its
1173 4074 1291 4140 copulat,
1306 4079 1336 4122 ut
1346 4072 1396 4122 nisi

246 4133 523 4201 suscriptionem.
546 4134 623 4195 Quen
637 4147 694 4184 cera
711 4136 733 4183 le
749 4136 790 4184 ele·
815 4135 1396 4204 obtemperetmagnanimusimperatorerlon
1488 4128 1489 4161 ³

208 4213 353 4270 portentent.
814 4199 893 4251 modd
904 4201 1004 4268 gloriae,
1012 4203 1061 4253 sed
1070 4205 1225 4268 virtuti‚sed
1237 4207 1337 4273 patrie,
1346 4214 1395 4256 ter·
1493 4229 1494 4239 κ

246 4269 378 4329 sluttere]
391 4266 421 4316 ld
435 4272 487 4326 est,
499 4267 789 4334 septemnarium,
811 4283 846 4335 gs
856 4268 967 4324 vertisse
980 4269 1109 4322 rideatur.

212 4337 341 4412 irosucere
353 4337 498 4398 decreverit.
