3070 5034
437 305 639 374 BELLUM
664 303 1042 372 CATILINARIUM·
1288 315 1331 376 45

144 489 167 520 ‘⁴
182 503 293 564 rorum
309 501 432 554 ‚causam
444 501 502 566 pro
517 481 586 542 meai
606 479 827 542 consuetudine
846 479 985 561 suscepi:
1010 498 1070 542 oon
1088 477 1162 560 quin
1175 489 1239 542 ²aes
1255 479 1330 543 alie·

146 574 169 604 “
188 591 265 636 num
280 566 381 628 bmeis
395 567 574 630 nominibus
591 585 631 628 ex
649 565 892 646 possessionibus
908 566 1027 626 solvere
1044 583 1189 646 pausetur
1211 565 1284 629 culm
1301 566 1330 630 bt

146 657 172 690 ‘¹
183 665 204 694 0
215 653 279 720 aliis
292 651 468 713 nominibus
483 651 650 712 liberalitas
667 649 805 712 Aurelia
821 649 985 722 Orestillae,
998 649 1074 725 suis,
1087 650 1218 732 liliaeque
1234 653 1331 734 copiis

147 742 171 776 ⁸⁴
189 738 391 832 persolveret:
400 737 472 810 sed,
485 733 572 816 quod
580 755 641 796 aon
651 736 763 813 dignos
775 735 915 798 homiues
928 735 1043 798 honore
1056 736 1233 798 honestatos
1244 737 1331 798 vide·

149 829 172 858 ‘⁶
190 826 272 908 bam,
282 829 395 904 meque
408 821 484 884 falsa
499 819 672 942 suspicione
687 817 878 882 “alienatum
893 841 960 882 esse
976 821 1163 884 sentiebam.
1180 821 1262 886 ‘hoc
1277 841 1331 884 no-

137 911 171 958 ,t‘
189 910 273 978 mine
289 909 364 971 satis
379 902 549 971 honestasf
562 925 618 988 pro
633 927 704 968 meo
719 926 793 968 casu
808 925 878 988 spes
892 906 1018 987 reliquae
1033 905 1194 990 dignitatis
1208 928 1333 970 couscr-

145 997 169 1029 “
187 994 295 1055 vandae
317 1012 388 1054 sum
404 1007 538 1054 secutus.
583 990 679 1053 Plura
699 990 773 1053 clim
795 991 929 1054 scribete
945 991 1068 1065 vellem,
1083 993 1263 1056 nunciatum
1285 1007 1334 1056 est

146 1082 170 1116 “
189 1079 308 1140 mihi
280 1099 346 1138 vim
360 1078 562 1158 patarinum
579 1075 760 1139 Orestillam
772 1076 828 1138 tibi
844 1075 1040 1152 commenda,
1051 1093 1172 1160 tuaeque
1185 1079 1258 1141 fidei
1272 1094 1334 1142 tra-

145 1167 167 1204 “
187 1165 241 1226 do.
267 1163 348 1224 Eam
361 1162 417 1222 ab
411 1183 522 1244 injuria
537 1159 699 1234 defendas,
711 1181 766 1240 per
776 1161 890 1221 liberos
901 1175 972 1222 tuos
988 1176 1125 1242 rogatus
1149 1163 1265 1227 Aucto
1267 1163 1289 1196 ’²

195 1248 291 1310 Sed
284 1267 361 1329 ipse,
376 1267 492 1344 paucos
511 1245 579 1306 dies
601 1259 812 1308 commoratus
832 1247 915 1325 apud
935 1245 974 1312 C.
998 1245 1213 1310 Flaminium
1205 1271 1236 1311 tn
1256 1271 1334 1331 agro

150 1343 166 1383 8
179 1333 324 1406 Reatino,
334 1331 409 1392 dum
419 1331 610 1393 vicinitatem
627 1343 716 1390 antea
726 1329 921 1392 sollicitatam
937 1330 1034 1391 armis
1045 1347 1183 1409 exornat,
1191 1355 1262 1396 cum
1272 1336 1332 1398 fas-

151 1419 254 1494 cibus,
266 1433 356 1498 atque
374 1416 463 1477 aliis
455 1415 578 1497 imperii
570 1413 787 1496 insignibus
779 1436 811 1476 iu
824 1428 924 1476 castra
938 1415 979 1476 ad
994 1413 1151 1480 Manlium
1166 1421 1334 1482 contendit.

153 1503 233 1564 Hauc
243 1504 295 1564 ubi
308 1501 417 1562 Romae
426 1515 584 1584 comperta
599 1515 682 1574 sunt,
690 1514 815 1562 senatus
827 1499 1005 1576 Catilinam,
1018 1499 1045 1562 δι
1057 1500 1215 1566 Manlium
1231 1501 1336 1568 hostes

138 1589 286 1672 ,judicat
295 1604 409 1650 caeterae
417 1585 608 1650 multitudini
619 1584 703 1648 diem
713 1581 1003 1668 statuit,antequam
1014 1586 1122 1648 liceret
1134 1585 1214 1650 ¹sine
1224 1587 1336 1654 fraude

150 1676 195 1736 ab
207 1695 301 1736 armis
310 1671 511 1748 discedere,
519 1688 632 1755 praeter
644 1691 751 1734 rerum
765 1670 965 1754 ¹capitalium
981 1672 1210 1736 condemnatis:
1227 1691 1335 1757 praetc-

152 1781 219 1834 rea,
227 1755 432 1838 decernit‚utr
443 1757 776 1821 consuleskdelectum
787 1758 931 1832 habeant,
942 1757 1101 1821 Antonius
1111 1780 1181 1820 cum
1194 1763 1336 1826 exercitu

112 1883 113 1886 =
153 1842 324 1916 Catilinam
339 1844 484 1940 persequi
497 1856 643 1919 maturet,
655 1841 767 1904 Cicero
778 1844 847 1904 urbi
860 1842 1041 1941 prasidio
1018 1861 1069 1904 ιιι.
1094 1843 1148 1904 Eri
1152 1859 1335 1928 tempestate

152 1929 251 1990 mihi
244 1929 410 2010 imperium
423 1929 528 2009 populi
542 1925 676 1988 Romani
686 1925 784 1989 multb
799 1923 936 1988 maxime
951 1926 1185 1990 'miserabile
1157 1949 1333 1996 visumest:

154 2015 203 2076 cui
218 2011 292 2074 clim
304 2013 343 2076 ad
353 2033 496 2074 occasum
507 2012 848 2075 obortusolisfflomnia
857 2012 1077 2074 domitaarmis
1090 2017 1334 2094 parerent‚domi

152 2086 264 2173 otium,
280 2110 372 2178 atque
388 2098 516 2173 divitiae,
531 2108 628 2180 quaen
639 2097 740 2180 prima
756 2099 901 2160 mortales
916 2114 1034 2178 putant,
1048 2098 1227 2170 affluentia
1243 2098 1335 2166 luere

152 2199 257 2260 tamen
271 2183 367 2263 cives,
382 2184 437 2268 qui
451 2203 560 2265 seque,
572 2203 704 2266 remque
718 2185 872 2268 publicam
881 2183 1042 2247 obstinatia
1054 2185 1166 2250 animis
1177 2187 1335 2270 perditum

595 2357 895 2410 tarantasmum.

160 2511 207 2546 ²
223 2463 395 2574 Prescrz'br't
408 2510 487 2574 diem
502 2521 615 2574 catera
629 2531 678 2574 mu
658 2509 828 2591 altitudini,
841 2522 1011 2597 antequam
1025 2512 1149 2574 liceret·
1139 2525 1261 2598 impune
1272 2513 1335 2578 dis·

155 2596 255 2664 cedere
268 2595 305 2660 ab
320 2598 428 2674 attuit,
630 2614 635 2627 ‘

604 2663 607 2668 ¹
686 2701 801 2752 uota.

187 2867 203 2902 a
211 2843 264 2902 »ιιι
273 2851 396 2914 odanam]
417 2855 554 2904 Pceurta'am
565 2852 647 2904 mutud
659 2861 736 2918 sump·
792 2869 811 2920 g
823 2852 953 2918 Reatina]
963 2855 1043 2904 Reate
1052 2854 1116 2904 urbs
1129 2854 1215 2906 luitin
1225 2852 1338 2911 Sabinis.

153 2930 211 2973 tam,
246 2917 589 2979 Hincverbsatiscoiistat‚
603 2933 736 2971 acmanto
760 2923 843 2970 Roma
854 2935 962 2986 prorsus
974 2922 1009 2970 sd
1020 2923 1234 2985 septentrionem
1269 2925 1340 2974 Rietr'

154 2985 233 3035 uendi
245 2997 324 3033 unum
339 2987 361 3032 a
374 2985 485 3036 eundem
501 2986 642 3053 conjuratis
654 2986 735 3036 fuisse
759 2996 867 3038 vocatur
879 2989 904 3036 in
916 2989 990 3044 novis
1003 2987 1100 3037 tabulis
1112 2989 1306 3057 geographicis
1367 2993 1370 3001 '

155 3058 322 3126 praetextum,
334 3051 483 3103 violentiam
496 3067 588 3119 nempe
601 3053 738 3104 foenerata
795 3055 810 3104 b
825 3053 949 3122 Frater]
970 3053 1131 3106 Adverhium
1142 3063 1192 3106 est
1204 3055 1270 3106 Gall.
1282 3057 1339 3106 Ea⁴

156 3133 223 3184 rum.
319 3146 321 3156 ι
761 3137 788 3170 ce
805 3125 838 3172 tt.

189 3185 207 3234 b
219 3186 289 3239 Meta
299 3182 473 3267 nominibus]
476 3187 519 3237 En
530 3201 583 3238 matt
594 3202 662 3244 notar
681 3205 737 3238 aaut
787 3130 969 3254 icapitalium.
975 3188 985 3249 ]
1008 3187 1040 3237 ld
1054 3194 1104 3247 est,
1116 3205 1197 3240 rerum
1206 3199 1251 3238 aut
1261 3191 1341 3238 crtus

157 3255 394 3318 munprosrresea'gti:
760 3272 824 3315 ιιιιιιι,
846 3273 896 3318 qreae
921 3258 1019 3320 captiae
1033 3263 1131 3320 punam
1147 3266 1283 3316 arcessunt,
1300 3255 1342 3306 vel

187 3335 206 3368 ιι
221 3321 284 3370 uluis
304 3317 458 3382 nomimant]
475 3295 600 3384 intelligo
610 3319 646 3368 de
655 3335 734 3384 pecu-
761 3331 833 3372 marte
846 3325 998 3371 mulctantur.

156 3383 198 3442 nia
208 3387 318 3464 sumpta
323 3384 339 3436 b
351 3385 477 3442 Catilina..
486 3385 616 3450 praedibus
629 3387 735 3450 &spon-
791 3389 810 3438 k
823 3389 970 3450 Deiectum]
993 3388 1024 3438 ld
1037 3395 1086 3443 est.
1099 3392 1187 3440 milites
1200 3391 1340 3451 diligerent,

156 3451 259 3502 sonibus
271 3467 377 3511 amicis
396 3453 464 3504 illud
480 3455 549 3504 enim
567 3453 669 3517 abipso
680 3453 733 3503 fac
759 3455 833 3505 &od
843 3459 950 3504 militium
960 3457 1143 3506 emendarent
1167 3454 1234 3503 Gall.
1255 3454 1302 3512 ρι’
1310 3457 1340 3506 tu

154 3524 212 3568 lunt
225 3518 306 3570 fuisse
319 3489 398 3584 sopit
408 3519 536 3570 vidimus:
554 3527 634 3583 atque
646 3520 683 3571 ita
693 3536 733 3568 su
759 3524 879 3572 levassent
892 3524 934 3570 des
947 3519 1050 3585 muuper.

155 3586 278 3636 mendum
295 3601 353 3636 esse
372 3602 421 3636 non
437 3583 544 3637 difficile
562 3593 634 3636 esset
650 3595 735 3638 otten-
791 3588 801 3636 l
818 3587 981 3648 naucratim]
1006 3581 1037 3635 ld
1054 3594 1104 3646 est,
1116 3589 1268 3636 narratione
1285 3589 1341 3652 dig·

157 3651 231 3711 dere,
242 3653 266 3702 si
279 3654 505 3704 tantihaberetur.
758 3669 821 3709 num
850 3653 917 3702 Gall.
939 3655 997 3701 Non
1022 3652 1105 3714 dicas,
1129 3655 1271 3714 iurantia,
1292 3653 1341 3707 sed

173 3717 207 3767 d
229 3719 397 3784 Alienorum]
420 3722 555 3786 Rejeatum.
583 3717 649 3770 Gall
665 3721 734 3773 Dis
759 3725 833 3786 digne
846 3724 876 3771 de
889 3722 1042 3784 computatur.

72 3853 76 3858 ι
130 3849 131 3854 ¹
154 3790 253 3850 gracie,
265 3791 344 3837 renclu
356 3795 457 3852 suspect
791 3803 815 3837 m
830 3788 936 3849 Omnia]
958 3784 1106 3850 Hyperbolo
1116 3794 1165 3846 est
1178 3801 1219 3845 eo,
1232 3801 1284 3852 quo
1298 3801 1341 3836 ιο-

188 3857 267 3906 ettae
278 3854 390 3915 nomina]
413 3853 442 3902 ld
454 3861 504 3911 est,
512 3853 554 3904 Ed
565 3855 657 3912 ιιιιιιιιι
672 3861 735 3918 pra·
758 3855 817 3906 lunt
828 3865 942 3915 autores,
953 3867 1032 3902 sensu
1045 3852 1229 3920 intelligenda:
1249 3862 1278 3902 ιιι
1290 3853 1341 3901 sci·

154 3924 237 3976 ¹sertim
247 3937 307 3970 varo
323 3920 392 3984 qudi!
406 3937 442 3970 me
452 3924 585 3984 riupictoee
594 3921 667 3985 salsa
679 3923 734 3970 nde-
759 3923 833 3982 licet,
851 3934 1029 3986 quascumque
1043 3929 1131 3970 terras
1151 3923 1260 3971 Romani
1279 3933 1341 3982 cog

155 3990 336 4048 nutumreutiu,
349 3997 479 4050 postquam
492 3989 576 4037 Cicero
593 3991 672 4036 atroci
690 3991 736 4036 ιιι·
759 3995 949 4047 noscerent,'ea
965 3987 1081 4064 ipsorum
1100 3987 1219 4038 subirent
1236 3993 1282 4034 aut
1298 3997 1340 4034 ve·

138 4057 283 4103 uirtutium
300 4057 464 4107 innocentiam
480 4071 554 4104 meam
576 4058 612 4106 ad
629 4063 737 4106 sertatum
760 4054 1071 4116 necarenturimperium

159 4119 292 4171 ιῖιιιιιιιι.
794 4137 810 4172 n
823 4121 931 4186 Prima]
952 4121 983 4172 ld
993 4131 1043 4184 est,
1047 4125 1173 4192 praenpuu
1185 4119 1213 4169 ιι
1224 4117 1341 4174 excellen-

192 4183 413 4251 saranescum]
434 4187 463 4238 ld
478 4194 530 4248 est,
541 4197 584 4253 pua
596 4205 622 4237 ca
635 4193 722 4236 stutu'
712 4206 739 4237 ιιι
763 4192 864 4240 ιίιιιιια.

156 4267 205 4384 pua
222 4269 267 4316 ega
286 4271 344 4317 aaut
368 4253 438 4310 Gall.
462 4259 497 4316 Vl
514 4197 557 4306 Pp
549 4266 600 4306 etat
616 4273 644 4308 aa
657 4259 687 4320 je
704 4273 744 4305 me
813 4313 815 4318 ¹

170 4335 251 4370 rouua.
