3070 5034
409 305 610 376 BELLUM
633 306 1014 374 CATILINARIUM.
1129 306 1132 314 ’
1258 311 1299 372 ⁵5

117 478 188 546 Res
204 497 309 548 autem
331 492 522 568 ³opportuna
535 481 712 558 videbatur,
728 481 815 564 qubd
831 483 869 560 is,
884 479 1067 565 bpriuatim,
1082 480 1207 564 egregia
1221 480 1298 544 libe-

115 571 264 643 ralitate;
285 567 418 654 publice,
431 569 579 632 maximis
602 569 792 646 muneribus,
808 569 958 650 grandem
974 587 1137 650 pecuniam
1154 568 1295 630 debebat.

115 653 188 735 Sed
203 655 255 716 ubi
271 656 429 718 consulem
444 655 486 717 ad
500 668 623 716 tantum
639 651 759 716 lacinus
773 652 931 736 impellere
947 669 1116 735 nequeunt,
1133 651 1193 735 ipsi
1214 653 1299 714 ‘sin-

114 741 254 822 gillatim
270 740 507 816 circumeundo,
521 754 613 820 atque
636 739 839 802 ementiendo
855 757 927 821 quae
949 761 983 802 se
1006 759 1046 800 ex
1060 739 1233 812 Vulturtio,
1248 755 1301 800 aut

115 823 346 908 Allobrogibus
368 825 495 889 audisse
514 823 664 900 dicerent,
679 845 825 906 magnam
841 825 886 887 illi
901 824 1055 888 invidiam
1073 823 1299 886 conflaverunt:

113 931 219 994 usque
232 911 324 987 adeb,
339 911 386 974 uti
396 909 536 971 nonnulli
551 911 672 992 equites
689 908 730 970 R.
746 910 814 991 qui,
827 910 963 993 praesidii
980 911 1082 982 causl,
1095 931 1165 972 cum
1184 909 1253 970 telis
1269 931 1301 968 e-

113 1011 188 1058 raut
203 997 322 1062 circum
343 995 443 1056 aedem
460 995 655 1073 Concordiae,
669 1016 725 1058 seu
740 995 871 1078 periculi
890 995 1116 1078 magnitudine.
1131 1017 1188 1058 seu
1204 993 1301 1058 animi

113 1077 317 1144 dmobilitate
346 1078 483 1162 impulsi,
509 1101 572 1160 quo
598 1081 739 1144 studium
771 1101 862 1146 suum
886 1080 917 1142 in
947 1101 1047 1161 remp.
1073 1082 1186 1142 clarius
1209 1095 1303 1154 esset,

107 1168 297 1249 'egredienti
313 1183 477 1227 exsenatu
493 1165 611 1230 Caesari
627 1167 733 1247 gladio
748 1165 974 1228 minitarentur.
1020 1165 1106 1226 Dum
1124 1167 1187 1226 haee
1200 1165 1231 1226 in
1245 1165 1302 1227 Se·

113 1268 195 1317 natu
217 1265 364 1336 aguntur,
380 1250 408 1312 bt
426 1252 504 1312 dum
523 1251 635 1334 legatis
651 1249 875 1330 Allobrogum,
891 1249 921 1310 u
944 1249 983 1310 Τ.
999 1249 1172 1323 Volturtio,
1193 1253 1301 1312 ²com·

112 1337 252 1420 probato
279 1356 387 1398 eorum
413 1335 544 1412 indicio,
564 1333 691 1417 praemia
712 1335 939 1396 decernuntur:
964 1333 1079 1407 liberti,
1103 1333 1131 1395 u
1154 1336 1243 1415 pauci
1262 1357 1304 1398 ex

112 1423 287 1486 clientibus
303 1421 443 1497 Lentuli,
455 1421 589 1484 diversis
604 1419 798 1497 ‘itineribus
813 1419 951 1501 opifices,
962 1435 1055 1500 atque
1071 1419 1199 1481 servitia
1213 1419 1243 1480 in
1257 1421 1303 1481 vi·

111 1508 165 1570 cis
177 1509 219 1570 ad
232 1527 305 1570 eum
319 1507 516 1590 eripiendum
526 1505 739 1569 solicitabant:
756 1507 869 1589 partim
879 1506 1083 1586 exquirebant
1098 1501 1110 1542 f
1116 1506 1213 1568 duces
1225 1506 1304 1566 mul·

112 1593 305 1666 titudinum,
320 1594 375 1676 qui
391 1592 492 1674 pretio
506 1591 649 1675 rempub.
664 1611 779 1654 vexare
790 1591 874 1654 soliti
889 1608 986 1653 erant.
1025 1589 1185 1672 Cethegus
1198 1605 1305 1653 autem

114 1679 321 1762 pernuntios
342 1677 530 1754 gfamiliam,
545 1694 637 1760 atque
657 1675 786 1740 libertos
802 1697 887 1754 suns,
900 1677 1007 1752 lectos,
1023 1675 1050 1736 br
1067 1680 1252 1746 exercitatos
1271 1677 1304 1738 in

115 1764 298 1839 audaciam,
319 1765 437 1834 orabat,
451 1762 498 1824 uti
520 1783 615 1845 grege
630 1761 725 1839 facto,
740 1783 814 1824 cum
837 1763 908 1824 telis
929 1763 969 1823 ad
992 1783 1059 1822 sese
1083 1763 1301 1844 irrumperent.

114 1848 253 1924 Consul,
272 1849 325 1912 ubi
344 1868 382 1909 ea
402 1847 505 1930 parari
527 1847 684 1928 cognovit,
703 1847 864 1929 dispositis
886 1846 1050 1928 praesidiis,
1066 1845 1114 1908 uti
1137 1870 1188 1910 res
1209 1863 1303 1930 atque

113 1949 247 2016 tempus
271 1933 427 2010 monebat,
443 1946 613 2004 convocato
635 1947 744 1994 senatu
759 1934 867 2008 refert,
878 1931 958 2012 quid
972 1931 1011 1992 de
1027 1930 1076 1992 his
1093 1932 1159 1994 lieri
1175 1933 1305 2014 placeat,

115 2020 174 2102 qui
196 2019 228 2080 in
244 2018 419 2082 custodiam
437 2017 545 2080 traditi
562 2031 659 2080 erant.
704 2017 768 2080 Sed
784 2037 838 2078 eos
856 2015 949 2098 pauld
966 2012 1038 2078 ante
1054 2015 1200 2098 frequens
1216 2039 1304 2080 sena·

115 2119 170 2170 tus
181 2103 382 2188 judicaverat
397 2119 503 2166 contra
519 2122 618 2184 remp.
635 2100 758 2164 secisse.
790 2101 876 2163 Tum
893 2101 937 2164 D.
960 2102 1074 2181 Junius
1089 2101 1223 2175 Silanus,
1242 2105 1305 2185 pri·

116 2211 192 2254 mus
212 2190 397 2252 senteutiam
418 2204 557 2271 rogatus,
572 2188 658 2270 quod
679 2195 717 2250 'eo
739 2203 879 2272 tempore
899 2189 1006 2250 consul
1026 2185 1207 2271 designatus
1228 2206 1305 2264 erar,

117 2277 159 2338 de
169 2274 231 2350 his,
245 2276 299 2357 qui
312 2277 344 2337 in
356 2275 508 2338 custodiis
519 2277 712 2351 tenebantur,
726 2275 754 2336 tr
770 2269 919 2358 praetereb
933 2274 972 2336 de
989 2273 1031 2334 1..
1049 2271 1170 2350 Cassio,
1185 2273 1222 2334 P.
1240 2274 1267 2335 F
1270 2296 1305 2336 u·

118 2361 180 2440 rio,
196 2361 234 2424 P·
258 2361 436 2438 Umbreno,
456 2359 499 2434 Q.
521 2357 642 2436 Annio,
661 2359 688 2420 si
706 2359 890 2442 deprehensi
913 2359 1026 2436 forent,
1041 2361 1229 2442 supplicium
1252 2381 1305 2422 su-

117 2447 272 2514 mendum
293 2448 491 2510 decreverat:
516 2446 604 2526 isque
628 2458 735 2525 postea
756 2458 918 2528 permotus
940 2445 1077 2508 oratione
1102 2444 1140 2506 C.
1163 2444 1306 2521 Caesaris,

118 2529 279 2614 hpedibus
294 2532 325 2594 in
341 2533 527 2594 sententiam
542 2529 595 2591 Ti.
614 2529 752 2592 Neronis
769 2532 887 2592 iturum
897 2531 935 2590 ‘se
951 2529 1094 2603 dixerat3
1111 2530 1197 2612 qubd
1214 2533 1253 2592 de
1269 2535 1306 2603 eti

119 2637 154 2680 re
167 2615 341 2700 ipraesidiis
357 2617 485 2692 additis,
499 2615 700 2679 referendum
716 2612 892 2679 censuerat'
913 2615 975 2677 Sed
987 2615 1105 2690 Caesar,
1116 2624 1169 2678 ubi
1181 2617 1220 2678 ad
1233 2625 1307 2677 euni

120 2719 250 2765 ventum
266 2719 324 2784 est,
337 2719 464 2786 rogatus
476 2701 661 2764 sententiam
672 2697 690 2762 ai
702 2701 840 2780 consule,
853 2698 1100 2785 *hujuscemodi
1112 2703 1207 2765 verba
1218 2703 1305 2766 loeu-

119 2802 172 2850 tus·
187 2804 246 2870 est.
1146 2823 1148 2828 ·

561 2871 862 2932 INTERPRETATIO.

412 3011 425 3088 3
442 3005 558 3072 Indicio
573 3029 676 3076 earum
685 3019 746 3092 pro
762 3027 831 3072 nero
848 3010 1014 3094 recognito.

499 3199 501 3206 ·
580 3199 583 3205 ’
659 3183 774 3232 ΝΟΤΙΕ,

152 3348 169 3382 a
184 3332 345 3400 oppretiare]
366 3332 398 3383 Id
410 3339 461 3392 est,
474 3335 615 3398 conjuratae
628 3336 706 3384 Caeea·
727 3333 761 3385 ad
772 3347 873 3386 omnem
884 3336 1028 3402 nequitiam
1042 3333 1155 3388 maxime
1166 3340 1227 3386 sunt
1236 3323 1311 3382 exer·⁸

120 3415 171 3450 rem
176 3401 255 3464 facile
268 3413 322 3460 erat
334 3403 435 3450 creditu,
456 3400 523 3448 Gall.
535 3401 575 3447 La
589 3404 657 3452 ebore
663 3411 706 3466 pu·
726 3403 810 3454 citati.
1329 3451 1332 3456 ,

120 3471 217 3516 roissoit
223 3467 351 3528 plausible,
363 3468 565 3516 vrnlnemblable.
760 3485 779 3584 kt
791 3469 936 3532 Fanulr'nml]
947 3469 979 3519 ld
989 3478 1039 3526 est,
1050 3485 1126 3517 amnes
1138 3484 1192 3516 ntor
1201 3483 1291 3516 servor.

154 3533 172 3582 b
185 3531 334 3596 Privatim]
351 3535 408 3580 Par·
419 3551 467 3584 arte
479 3537 583 3598 deperire
595 3537 705 3600 mugnrfi-
787 3533 920 3598 Pellibus]
933 3537 1095 3602 Quandoque
1106 3535 1155 3582 hoc
1167 3533 1243 3582 modo
1254 3547 1311 3585 sen·

121 3616 168 3663 que
182 3603 244 3650 dans
257 3617 285 3647 ra
298 3603 396 3648 multon.
729 3603 837 3652 tentiam
846 3617 920 3651 suant
930 3603 1095 3668 aperiebant:
1109 3597 1175 3648 Clnn
1188 3615 1221 3650 ex
1231 3603 1308 3650 Sena·

153 3685 168 3716 c
181 3663 355 3730 Singillatim]
378 3668 427 3718 Les
448 3683 495 3718 unt
514 3667 576 3718 d'un
592 3670 656 3729 cole,
674 3673 706 3720 les
728 3671 828 3720 toribus
842 3670 938 3734 aliquis
952 3684 1025 3718 suurn
1037 3668 1158 3732 dixisset,
1170 3666 1266 3734 quibus
1279 3684 1311 3717 ea

122 3732 277 3800 mtresd’un
292 3744 369 3782 autre.
631 3747 632 3754 ¹
728 3737 886 3801 probabatur
904 3735 943 3786 illi
964 3736 990 3785 in
1010 3735 1123 3784 eundem
1140 3731 1225 3784 locum
1249 3749 1310 3784 eum

154 3802 172 3850 d
185 3800 349 3862 MoblllmteJ
367 3797 493 3864 degerere
503 3803 533 3850 de
541 3807 629 3865 jeunec
640 3818 707 3866 gens.
730 3807 785 3867 ipso
798 3803 985 3853 discedebant:
998 3810 1077 3868 atque
1088 3817 1119 3852 ea
1129 3801 1312 3852 ratioroeabs·

122 3869 176 3917 Hes
195 3868 293 3916 alicubi
308 3869 403 3916 Cicero
423 3869 571 3930 insigniter,
587 3869 609 3916 bt
624 3869 706 3934 prope
732 3887 782 3929 tur,
795 3874 849 3920 Per
861 3873 1036 3920 discessionem.

123 3939 246 3998 tanquam
262 3934 381 3994 Catilina
393 3936 479 3982 socios
490 3943 570 3984 notat.
763 3940 770 3987 i
784 3937 931 3999 Praerldllr]
955 3935 1101 3986 Custodum
1118 3949 1226 3986 nurnero
1239 3935 1311 3984 circa

155 4017 168 4048 e
182 4000 331 4063 Itineribus]
341 4001 373 4050 Id
385 4009 437 4060 est,
447 4002 489 4050 lle
498 4002 525 4050 Β
536 4004 591 4052 into
604 4003 708 4051 omnibns
730 4019 820 4054 eorum
834 4004 926 4054 domos
940 4003 1061 4064 adaucto,
1073 4003 1168 4068 quibus
1185 4001 1311 4052 Lentulus

121 4067 708 4133 modiisemundentur·quasvisndpatronumerl·
730 4073 751 4119 bt
776 4071 871 4137 reliqui
894 4073 1028 4122 commissi
1045 4069 1157 4120 fuerant.
1190 4073 1312 4130 Itemque

120 4135 237 4196 piendum
247 4139 358 4184 incitare.
726 4137 904 4200 'urbe'vigiliis
919 4139 983 4187 bene
994 4135 1103 4190 firmata.

155 4197 263 4248 fDucee
280 4199 484 4266 multitudinum]
518 4201 561 4251 Illi
583 4210 643 4254 sunt
663 4203 706 4266 qui
763 4203 994 4270 ltIInjuscemodi.]
1019 4208 1112 4268 Neque
1129 4203 1199 4252 enirn
1218 4198 1312 4250 iisdem

29 4285 31 4304 ι
122 4266 215 4315 otiosis
230 4267 409 4327 nebulonibus,
421 4271 513 4334 quales
527 4270 635 4334 plurimi
647 4278 708 4320 sunt
730 4273 836 4322 omnino
854 4272 940 4322 verbis
959 4274 1043 4322 Cacsar
1063 4287 1126 4320 usus
1146 4278 1203 4324 est;
1222 4267 1312 4318 sedin

123 4333 149 4382 in
166 4333 271 4400 magnis
289 4335 407 4395 urbibus,
419 4337 557 4402 imperant,
576 4335 641 4403 quia
655 4337 707 4404 ipsi
718 4338 800 4397 illunc
812 4353 918 4390 sensum
927 4343 1071 4390 orationem
1082 4335 1184 4386 babuit.
