3070 5034
361 320 620 396 cumanos
641 305 900 410 suasanus
921 281 1125 394 rosetus.
1307 325 1344 390 s

145 490 384 588 ipicotillglsset
407 525 525 584 Σαλα-εκ,
536 537 571 570 ra
584 539 627 571 arr
642 525 731 586 maeret
746 520 931 590 aspipedem·
974 499 1026 564 EO
1041 517 1121 564 almo
1137 499 1223 564 Mill)
1236 499 1343 564 mlh·

146 586 221 654 bat:
237 587 321 654 unde
330 589 637 676 consequitur,qu0d
650 589 805 654 &Milone
815 590 960 653 Tribuno
969 591 1012 672 pt.
1022 587 1121 672 vitgie
1130 607 1243 650 casum
1255 587 1342 650 diee-

147 678 267 753 bamus,
277 677 310 740 id
323 674 412 742 autad
427 677 615 759 contigisse3
630 697 691 740 non
704 698 742 739 eo
754 677 824 760 ipso
835 697 926 750 anno,
940 692 975 738 ut
986 675 1036 736 vir
1048 673 1192 738 eruditus
1204 673 1343 756 putabat·

148 763 255 826 Etiam
270 764 423 826 discimus
439 763 555 826 iisdem
571 763 871 846 suscriptionibus,
887 760 904 822 i
922 761 960 824 C.
977 761 1063 842 Julio
1086 759 1221 834 Caesare,
1235 777 1343 822 rerunt

146 851 256 932 potito,
271 851 458 932 dignitatem
470 847 664 912 SenatorIam
679 871 889 932 recuperasse,
899 867 1151 931 quaestoremque
1168 845 1342 918 factumst

143 932 252 1018 postea
265 937 362 1000 etiam
378 949 543 1018 praeturam
560 935 743 1008 obtinuisse.
787 933 934 998 Praeturae
950 934 1139 996 mentionem
1157 951 1284 1014 quoque
1297 929 1343 992 in-

142 1025 238 1084 venio
255 1023 342 1104 apud
360 1016 500 1082 Hirtium
517 1017 595 1102 pend
611 1021 700 1083 initio
711 1021 783 1084 libri
798 1021 839 1083 de
852 1021 934 1082 bello
948 1019 1120 1082 Africano:
1139 1020 1213 1081 Item
1228 1017 1264 1080 C.
1273 1019 1342 1080 Sul·

141 1107 268 1170 lustiam
283 1110 424 1189 Crispum
438 1119 605 1190 praetorem
620 1107 664 1168 acl
682 1107 838 1170 Circinam
853 1108 983 1170 insulam
998 1127 1116 1178 uersus,
1131 1125 1220 1190 quam
1235 1103 1344 1168 adaer-

26 1255 28 1264 ,
140 1195 223 1256 sarii
235 1194 386 1267 terrebant,
397 1215 463 1254 cum
471 1205 564 1275 pater
576 1195 699 1256 nervium
711 1195 759 1255 ire
765 1194 869 1276 jubete
883 1191 1016 1278 quodibi
1031 1211 1175 1273 magnum
1185 1209 1344 1254 numerum

26 1339 28 1346 s
130 1277 297 1362 frumenti
311 1300 376 1340 esse
389 1276 541 1340 audiebat.
588 1277 672 1340 Item
688 1281 772 1360 apud
789 1279 927 1340 Dionem
942 1278 997 1338 lib.
1015 1277 1127 1338 XLII.
1143 1278 1182 1338 de
1199 1278 1258 1338 hoc
1275 1277 1343 1360 ipsu

122 1367 249 1449 degasl
266 1387 409 1445 Eepmrpoe
421 1397 473 1448 pag
485 1399 523 1430 tau
536 1401 583 1430 tro
595 1401 638 1432 aar
650 1383 725 1441 straet
739 1383 872 1442 arenatius
887 1381 1055 1432 mdtd'ttaoet·
1082 1361 1115 1422 N
1119 1378 1200 1424 artat
1215 1363 1345 1440 Ibidem,

138 1467 180 1514 ut
202 1471 274 1522 cum
297 1451 328 1512 iu
346 1449 518 1534 Campania
535 1450 668 1513 Cetaria
691 1452 818 1526 milites,
834 1469 915 1532 quos
939 1452 969 1512 Iu
992 1448 1138 1510 Africam
1162 1449 1344 1530 premittrre

138 1549 305 1612 statuerat,
316 1535 505 1598 seditionem
521 1537 748 1614 concitisseptt
764 1557 799 1598 ac
812 1535 977 1599 Sallustius
990 1550 1102 1620 praetor
1119 1533 1255 1596 Romam
1270 1555 1343 1596 eon-

138 1623 297 1698 teuderet,
313 1622 378 1703 qud
402 1621 559 1686 Caesarem
582 1623 679 1706 hujus
700 1625 746 1684 rei
762 1620 879 1684 faceret
901 1622 1087 1684 certiorem:
1112 1621 1344 1702 propemodum

138 1707 240 1772 fuerit
259 1709 383 1770 secum
405 1705 655 1791 &compluribus
676 1709 824 1786 militum,
839 1709 894 1792 qui
918 1727 991 1772 eum
1015 1707 1270 1790 insequebantur,
1285 1728 1343 1770 nec

140 1794 292 1876 cuiquam
304 1794 481 1874 parcebant,
489 1795 557 1856 imb
568 1796 649 1858 riuos
660 1794 756 1858 etiam
768 1810 928 1857 senatores
939 1795 1129 1856 occiderant.
1156 1793 1256 1874 Apud
1266 1815 1344 1856 eun·

139 1881 291 1946 demtlib.
307 1879 437 1943 XLIII.
452 1879 599 1958 refertur,
612 1895 647 1943 ut
657 1881 762 1944 Caesar
775 1881 939 1942 Numidiae
955 1879 1129 1962 praefecerit
1140 1877 1342 1952 SallustIum3

141 1967 196 2030 ille
213 1981 319 2030 autem
334 1967 529 2050 provinciam
545 1967 746 2050 expilaver'rt:
771 1988 806 2028 ac
822 1965 841 2026 l
855 1966 978 2028 Caeare
994 1965 1124 2047 quidem
1140 1965 1237 2028 suerit
1252 1967 1343 2030 absu-

140 2055 248 2126 lutust
264 2052 321 2116 sed
336 2050 499 2118 infamiam
511 2075 573 2118 uon
584 2053 750 2136 effugeritt
766 2052 857 2136 qubd
866 2054 921 2134 qui
938 2053 968 2114 in
979 2051 1247 2120 historiiacerbus
1260 2067 1343 2116 esset

141 2141 318 2204 alienorum
333 2137 512 2220 castigator,
521 2139 655 2221 turpiter
664 2139 730 2224 ipse
745 2137 776 2202 iu
788 2139 848 2202 ltoc
861 2159 990 2202 munere
1003 2159 1036 2200 se
1048 2136 1200 2200 dedisset.
1225 2137 1277 2202 Ex
1286 2139 1343 2202 hic

141 2241 250 2290 autem
267 2225 370 2310 prmdtl
388 2225 561 2290 Numidici
577 2227 622 2289 ita
635 2224 755 2290 ditatus
766 2225 838 2302 luit,
850 2239 884 2288 ut
900 2225 932 2288 iu
943 2221 1101 2298 Quirinali
1120 2225 1344 2290 mantelorum
1392 2245 1396 2270 ⁵

141 2327 264 2374 emeret
279 2309 367 2394 quod
382 2310 521 2376 Sallustii
537 2329 678 2387 uocetur,
691 2311 746 2375 ubi
762 2333 845 2376 uuae
860 2313 942 2378 aedts
954 2311 987 2372 S.
1001 2311 1165 2384 susannae
1182 2312 1258 2374 item
1269 2305 1343 2376 lter·

142 2415 208 2474 tos,
215 2400 270 2481 qui
284 2393 445 2480 hodieque
458 2396 638 2462 Sallustiani
647 2399 859 2463 nominantur.
884 2399 961 2464 Hac
976 2398 1262 2474 ostenderimus
1273 2403 1344 2481 ejus

142 2485 267 2548 laudari
285 2483 443 2546 anemius
460 2503 562 2566 posse.
587 2480 715 2567 Nempe
728 2485 831 2546 omnis
846 2485 916 2570 ejus
932 2483 1031 2566 gloria
1046 2481 1064 2544 I
1079 2484 1234 2566 praeclaris
1245 2487 1343 2569 scrip·

144 2572 185 2634 tis
200 2569 420 2655 proficiscitur.
445 2569 511 2634 seu
523 2569 580 2634 vix
589 2571 658 2654 ejus
671 2570 841 2654 quicquam
850 2565 972 2654 integre
986 2571 1026 2632 ad
1038 2590 1095 2632 nos
1106 2572 1343 2654 pervenit,prae·

144 2673 194 2720 tet
205 2657 323 2720 mlium
335 2655 564 2739 Jugurtbipum
574 2673 606 2718 et
616 2657 854 2720 catilinarium:
872 2659 915 2720 ita
925 2655 1022 2738 vulgb
1034 2656 1254 2717 inscribuntur.
1277 2657 1343 2720 Sed

144 2743 301 2828 posterior
308 2739 1077 2826 genuiuatnscrtpnomucoNJURATtumu
1087 2739 1343 2804 cA'r1L1NA-

145 2829 244 2894 RIA.
277 2827 384 2892 Testis
400 2824 567 2892 Sallustius
582 2829 648 2912 ipse
664 2829 713 2894 bis
728 2831 851 2894 verbm:
869 2829 975 2916 Igitur
989 2827 1026 2890 de
1041 2827 1185 2890 Catilina:
1198 2829 1344 2914 conjura·

143 2918 239 2994 tiene,
249 2935 343 3001 qttom
353 2916 513 2978 uerissime
522 2925 644 3000 patera,
652 2918 763 3000 paucis
778 2917 941 2980 absolvam.
972 2913 1021 2980 At
1031 2933 1076 2976 ex
1090 2917 1186 2976 nobili
1198 2915 1343 2980 historia-

143 3023 217 3068 rum
233 3021 341 3084 opere,
354 3021 417 3082 quo
433 3000 588 3084 imprimis
603 2999 745 3064 historici
761 3002 910 3085 principis
925 3021 1040 3064 nomen
1056 3002 1182 3077 mentit,
1193 3002 1272 3066 nibil
1287 3003 1342 3066 ba·

142 3091 260 3153 bemus
273 3100 385 3170 praeter
401 3102 535 3178 quatuor
549 3089 772 3163 oratiunculas,
787 3090 934 3171 epistolas
950 3089 1040 3164 duas,
1055 3101 1087 3149 et
1106 3087 1207 3152 lacera
1223 3088 1343 3172 aliquot

143 3175 333 3258 fragmenta,
345 3193 470 3254 quaten
484 3172 697 3256 grammaticis
710 3176 859 3257 sanquis,
868 3191 962 3258 atque
977 3173 1048 3236 aliis
1063 3175 1267 3256 scriptoribus
1277 3177 1342 3238 eol·

143 3263 226 3324 lecta
240 3273 323 3322 suut.
348 3260 429 3322 Duae
445 3259 523 3322 verb
537 3261 577 3324 ad
594 3262 752 3326 Caesarem
767 3263 936 3340 orationes,
953 3275 987 3324 ut
1002 3272 1126 3338 vocant,
1141 3261 1180 3324 de
1198 3259 1279 3344 Rep.
1290 3267 1342 3324 ot'·

143 3347 292 3420 (libanda,
304 3362 410 3410 utrum
420 3345 559 3410 Sallustii
568 3348 641 3424 siat,
651 3369 714 3411 uon
726 3349 871 3412 convenit
882 3347 963 3410 inter
973 3344 1124 3410 eruditos.
1149 3347 1262 3412 Carrio
1273 3347 1342 3410 Sal·

141 3432 244 3496 lustio
251 3431 453 3516 adjudicaut3
469 3448 502 3496 et
518 3453 575 3516 pro
590 3433 644 3496 illo
659 3449 717 3508 est,
729 3435 819 3516 quud
834 3449 976 3496 veterum
992 3451 1096 3509 nemo,
1107 3433 1162 3516 qui
1178 3448 1341 3516 tantopere

143 3517 285 3603 gaudem
299 3517 481 3582 Sallustium
495 3521 536 3582 ad
550 3536 654 3602 partes
668 3521 833 3597 advocare,
843 3515 917 3582 inde
928 3518 1049 3602 ailquid
1061 3521 1236 3603 depromat.
1264 3521 1340 3585 Dis·

116 3660 119 3671 .
142 3605 240 3668 sentit
253 3619 360 3676 autem
371 3605 497 3679 Douaa,
506 3610 558 3668 cui
573 3605 678 3669 lavem
693 3607 764 3669 libri
776 3619 852 3670 vett.
866 3619 899 3668 et
912 3607 997 3668 dieta
1011 3605 1088 3690 ipsa,
1097 3627 1178 3690 qua,
1187 3606 1341 3691 quicquid

144 3691 230 3754 dicat
246 3689 370 3768 Carrio,
384 3689 475 3774 plane
493 3691 676 3768 SallustIum
691 3693 844 3756 redolent.
868 3691 924 3758 Sin
939 3693 1081 3774 genuinae
1093 3713 1153 3766 nou
1164 3695 1340 3777 sinquega-
1398 3715 1400 3720 ’

145 3777 173 3840 ti
186 3791 295 3846 tamen
311 3797 374 3840 nou
388 3777 497 3860 possit,
512 3775 605 3842 salue
623 3801 691 3842 esse
707 3781 861 3862 antiquas,
872 3793 905 3840 et
920 3779 1050 3862 quidem
1067 3779 1344 3861 Juliani,autAu·-

145 3862 255 3948 gustaei
272 3863 350 3927 evi:
368 3865 479 3926 saltem
490 3885 551 3928 nou
563 3864 646 3928 iufra
659 3865 855 3930 Flavianum.
879 3865 943 3928 Sed
957 3865 1108 3946 genuinas
1118 3887 1185 3928 esse
1196 3867 1339 3946 arbitror,

146 3969 208 4014 nou
219 3965 326 4012 tamen
335 3963 374 4020 ut
382 3949 537 4016 orationes
552 3973 621 4015 esse
630 3960 750 4036 putem,
760 3952 816 4015 sed
829 3952 974 4036 epistolas
986 3951 1147 4016 duntaxat.
1172 3951 1258 4015 Nam
1269 3975 1340 4036 pos·

146 4035 272 4100 terioris
285 4051 397 4106 ,auctor
417 4035 467 4098 bis
490 4038 544 4115 ait,
559 4061 594 4102 se
616 4037 669 4117 illa
691 4040 838 4115 seribere,
854 4061 889 4100 ac
905 4039 1049 4102 disertIm
1071 4038 1177 4102 literas
1196 4039 1339 4124 appellat.

147 4119 310 4204 Plaueque
323 4123 500 4185 verisimile
513 4139 572 4202 est,
587 4124 698 4188 missas
713 4147 782 4187 esse
794 4126 834 4188 ad
850 4125 1019 4199 Cesaram,
1031 4121 1107 4188 etim
1121 4125 1153 4186 in
1171 4124 1339 4205 Hispanias

146 4221 254 4270 tonna
270 4207 432 4271 Petreium
446 4224 479 4272 et
492 4209 664 4274 Afranium
680 4211 947 4294 proficisceretur:
967 4209 1237 4293 quemadmodum
1255 4211 1340 4296 jam-

146 4293 271 4356 dudum
281 4293 473 4366 ,Ciacconius
489 4297 677 4363 observavit
704 4295 762 4360 Illa
777 4297 854 4360 verb
867 4297 902 4378 iu
919 4297 1106 4363 Ciceronem
1122 4295 1235 4376 oratio,
1247 4300 1306 4362 etsi
1322 4298 1341 4361 lt

149 4378 249 4444 Fabio
266 4397 390 4461 quoque
407 4396 556 4464 tauquam
572 4383 710 4452 Sallustii
725 4383 890 4452 laudetur:
901 4461 902 4468 ἵ
913 4399 1030 4461 tameo,
1046 4381 1132 4464 quod
1147 4402 1197 4446 rcs
1213 4383 1340 4464 indicat,—

718 4467 767 4554 (c)
