3070 5034
484 264 687 335 BELLUM
710 265 1091 339 CATILINARIUM.
1338 285 1376 338 st

198 441 249 506 bis
265 439 312 504 T:
324 437 517 506 Volturtium
534 442 704 528 quemdam
724 441 981 508 ²Crotooiensem
1002 443 1110 520 mittit,
1126 457 1160 506 ut
1176 441 1379 528 Allobroges,

199 528 289 611 priris
311 525 403 610 quim
430 529 561 592 domum
585 544 760 612 pergerent,
781 552 852 594 curn
877 531 1021 608 Catilini,
1041 531 1113 592 dati
1135 547 1227 612 atque
1254 536 1391 615 accepti,

200 615 273 693 lide,
288 612 486 676 bsocietatem
499 615 726 678 confirmarent.
774 615 845 698 lpse
863 617 1023 680 Volturtio
1037 615 1143 679 literas
1155 618 1195 679 ad
1210 615 1379 680 Catilinam

200 700 264 775 dat,
279 720 411 782 quarum
425 701 628 781 cexemplum
642 699 724 762 infra
738 701 889 784 scriptum
905 717 967 764 est:

240 791 260 823 “
275 785 358 860 Quis
373 787 446 858 sim,
462 805 503 846 ex
518 807 567 862 eo,
584 805 678 866 quem
693 785 734 848 ad
746 801 776 848 te
793 788 876 862 misi,
893 807 1071 870 cognosces.
1118 787 1182 852 Fac
1201 788 1331 870 cogites,
1345 789 1379 852 in

194 873 215 906 ‘⁶
231 875 344 952 quanti
366 871 542 932 calamitate
565 871 661 946 sis&
685 872 876 949 memineris,
895 889 927 935 te
949 873 1053 936 virum
1079 895 1162 936 esse:
1188 873 1380 951 consideres,

194 960 215 992 “
232 959 310 1040 quid
330 973 392 1019 tuae
406 951 563 1020 drationes
579 957 754 1039 postulent:
777 960 931 1024 auxilium
952 975 1038 1044 petas
1059 960 1097 1022 ab
1112 959 1268 1036 omnibus,
1284 958 1381 1020 etiarn

192 1045 215 1084 '³‘
232 1046 271 1104 ab
286 1053 299 1080 0
309 1042 437 1105 infimis.
1381 1049 1390 1062 '

238 1129 298 1192 Ad
314 1127 386 1203 hoc,
401 1123 565 1190 fmandata
579 1129 683 1192 verbis
699 1129 771 1192 dat:
789 1151 861 1194 cum
874 1132 913 1194 ab
927 1145 1035 1194 senatu
1046 1129 1145 1194 hostis
1157 1129 1317 1216 judicatus
1329 1130 1382 1206 sit,

194 1235 260 1296 quo
269 1213 404 1275 concilio
420 1214 570 1274 ¹servitia
583 1215 746 1294 repudiet:
764 1216 795 1276 in
807 1217 882 1276 urbe
895 1232 1001 1296 parata
1012 1238 1091 1290 esse,
1100 1237 1168 1297 quae
1179 1216 1323 1297 jusserit:
1334 1215 1382 1278 'ne

195 1313 362 1362 cunctetur
374 1297 440 1380 ipse
454 1297 586 1381 propius
600 1300 759 1360 accedere.
783 1301 846 1362 llis
855 1301 948 1362 rebus
958 1301 1001 1362 ita
1010 1302 1099 1375 actis,
1108 1302 1271 1362 constituta
1281 1317 1383 1378 nocte,

196 1383 548 1468 quiproficiscerentur,
559 1383 683 1459 Cicero,
700 1405 755 1466 per
776 1386 895 1468 legatos
911 1399 1022 1448 cuncta
1039 1385 1180 1459 edoctus,
1196 1385 1236 1445 L.
1253 1386 1383 1450 Valerio

196 1467 321 1547 Flacco,
334 1470 364 1531 dr
375 1469 414 1531 C.
428 1469 596 1551 Pomptino
609 1470 791 1551 praetoribus
803 1475 947 1553 imperat,
958 1485 994 1533 ut
1005 1470 1036 1532 in
1049 1485 1140 1553 ponte
1154 1469 1317 1544 sMulvio,
1328 1491 1384 1552 per

193 1555 336 1632 insidias,
349 1556 561 1636 Allobrogum
576 1550 765 1618 hcomitatus
781 1557 1033 1639 deprehendant:
1051 1577 1119 1618 rem
1135 1575 1260 1618 omnem
1274 1556 1385 1637 aperit,

192 1642 284 1724 cujus
297 1641 395 1724 gratii
413 1642 634 1704 mittebantur:
652 1657 774 1719 caetera,
786 1644 831 1706 uti
844 1641 927 1705 facto
942 1662 1022 1725 opus
1039 1643 1089 1718 sit,
1106 1640 1165 1704 iita
1181 1655 1285 1722 agant.
1316 1640 1384 1704 Ho-

192 1728 296 1790 mines
310 1729 326 1768 k
337 1727 485 1788 militares
496 1727 562 1786 sinc
575 1729 713 1788 tumultu
728 1725 896 1809 lpraesidiis
909 1730 1078 1804 collocatis,
1089 1727 1180 1790 sicuti
1192 1741 1385 1808 praeceptuttt

194 1826 277 1886 erat,
288 1808 409 1874 occulti:
423 1824 548 1891 pontem
563 1813 717 1874 obsident.
741 1813 913 1894 Postquam
929 1814 970 1875 ad
981 1815 1015 1875 id
1026 1814 1086 1875 loci
1102 1814 1195 1893 legati
1213 1832 1287 1874 cum
1301 1811 1384 1876 Vul-

194 1897 431 1973 turtiovenerc,
441 1896 534 1957 simul
543 1905 566 1936 ¹¹¹
574 1898 731 1978 utrimque
740 1900 858 1960 clamor
867 1911 994 1963 exortus
1006 1913 1070 1959 est:
1081 1898 1175 1966 Galli,
1186 1897 1249 1960 citd
1258 1897 1385 1980 cognito

194 1982 338 2058 consilio,
347 1983 415 2046 sine
428 1982 515 2042 mord
527 1981 709 2062 praetoribus
719 2003 752 2044 se
762 1984 899 2046 tradunt.
923 1983 1101 2046 Volturtius
1110 1981 1383 2064 primb‚cob0rta·

193 2082 246 2132 tus
262 2083 401 2144 caeteros,
414 2066 520 2150 gladio
536 2086 569 2126 se
585 2063 603 2127 :i
621 2067 818 2130 multitudine
832 2067 993 2132 defendit:
1010 2067 1095 2142 dein,
1107 2067 1159 2129 ubi
1177 2063 1317 2150 allegatis
1328 2069 1384 2132 de·

193 2167 296 2216 sertus
312 2167 371 2230 est,
385 2153 482 2216 multa
498 2151 587 2235 priris
600 2153 639 2214 de
652 2154 751 2216 salute
767 2155 823 2215 sud
839 2154 1042 2234 Pomptinum
1057 2154 1239 2228 obtestatus,
1255 2150 1343 2233 qudd
1355 2154 1385 2216 ei

193 2255 287 2302 notus
303 2256 387 2312 erat;
410 2236 572 2322 postremo
584 2237 726 2312 timidus,
738 2261 774 2302 ac
788 2250 803 2281 ¹¹
812 2242 882 2303 vitae
892 2240 1141 2316 diffidens,velut
1152 2233 1306 2315 hostibus,
1316 2261 1385 2304 sese

193 2327 376 2412 praetoribus
392 2325 492 2390 dedit.
507 2364 510 2375 -
538 2322 664 2398 Quibus
679 2329 772 2388 rebus
788 2325 950 2404 conlectis,
964 2325 1070 2388 omnia
1084 2320 1215 2408 propere
1232 2344 1289 2408 per
1304 2345 1384 2388 nun·

639 2489 941 2544 INTERPRETATIO.

237 2621 249 2656 ¹
266 2619 423 2684 Preterea
434 2619 534 2682 verbis
546 2621 676 2703 imperat
687 2631 721 2681 ut
731 2616 778 2680 di·
794 2616 900 2700 jiciut,
915 2615 986 2680 crin:
1000 2619 1097 2682 bostis
1111 2615 1255 2684 ciSenatu
1261 2614 1385 2702 judica·

195 2719 246 2772 cat
262 2704 413 2787 Catilinae,
428 2709 490 2798 qud
506 2709 600 2770 caueri
611 2725 716 2770 servos
732 2725 780 2770 re·
805 2705 923 2768 tussit.

731 2877 846 2928 Nom.

230 3047 247 3080 a
260 3030 454 3093 Grotorriememl
471 3033 533 3081 Duae
543 3031 651 3082 {uerunt
664 3030 742 3082 urbes
754 3031 779 3080 in
803 3041 870 3077 nam.
895 3027 963 3084 Gall.
991 3030 1017 3079 It
1024 3032 1059 3080 lui
1070 3030 1237 3079 recommendo
1246 3029 1276 3078 de
1287 3031 1323 3078 lui
1334 3029 1389 3086 dire

195 3098 281 3158 itatis,
302 3101 408 3158 Croton,
425 3106 470 3148 arrt
491 3101 612 3158 Crotona,
632 3097 780 3160 nominatae,
804 3098 834 3146 de
846 3098 941 3146 dorcic.

194 3164 278 3216 altera
291 3165 315 3215 in
327 3167 447 3216 extrema
459 3165 579 3218 Calabris
591 3165 625 3216 ad
637 3174 734 3226 ortum,
746 3167 780 3216 al·
836 3177 855 3228 g
867 3161 994 3225 Mulvio]
1005 3165 1124 3216 Vocatur
1133 3159 1213 3214 bodie
1222 3164 1389 3214 Ponte-nulle.

194 3240 252 3284 tera
265 3232 291 3281 in
300 3232 419 3281 Umbria.
803 3228 889 3280 Distat
898 3232 931 3279 ab
941 3229 1005 3280 urbe
1016 3230 1118 3281 duobus
1127 3229 1243 3280 millibus
1253 3244 1390 3294 passuum,

228 3299 244 3349 b
260 3297 429 3362 Societatem]
442 3298 537 3348 Foedus
550 3296 745 3365 conjurationis.
802 3295 864 3360 ptus
876 3295 971 3347 minus.

227 3366 420 3430 cExempluml
453 3363 535 3416 Ferte
554 3367 633 3416 verba
650 3381 700 3414 non
719 3373 780 3416 sunt
837 3365 1022 3430 boumbourn]
1045 3366 1132 3415 Omnes
1143 3381 1183 3418 eor
1194 3363 1389 3425 puistllodroger

192 3431 295 3492 eadem,
306 3434 353 3482 sed
367 3435 469 3482 sensus.
489 3434 587 3482 Ansam
597 3432 781 3495 prebetdubi·
804 3434 985 3483 repararentur.

194 3497 268 3548 tandi
280 3497 351 3563 qudd
365 3499 444 3562 pauld
457 3498 534 3549 aliter
548 3498 603 3546 baec
617 3497 779 3548 &similist
838 3498 901 3546 ina
920 3498 1018 3562 agant]
1037 3501 1154 3561 Imperat
1171 3499 1202 3542 ut
1217 3507 1267 3556 pro
1284 3509 1312 3544 re
1329 3499 1389 3546 nats

192 3566 320 3616 Cicerone
332 3563 483 3616 reseruntur
493 3567 518 3617 in
527 3564 678 3614 Catilinam:
691 3561 780 3615 lllum-
803 3565 942 3616 consilium
955 3567 1068 3628 capiant.
1107 3563 1153 3621 Qu·
1166 3563 1197 3610 ils
1204 3565 1312 3624 prisrenr
1325 3565 1390 3612 leura

164 3641 180 3675 θ
193 3647 246 3696 que
259 3631 335 3691 tiled,
345 3633 367 3682 si
377 3633 480 3696 penitus
490 3633 522 3682 de
535 3633 588 3681 lraec
598 3631 786 3696 conjuratione¹
797 3646 909 3681 merare:
916 3635 979 3682 aelon
990 3631 1030 3693 prr'
1040 3633 1081 3680 ille
1091 3633 1111 3678 le
1118 3631 1260 3694 jugeralem
1269 3627 1286 3677 d
1294 3635 1389 3694 propos.
1494 3667 1496 3682 .

193 3698 242 3748 tibi
257 3708 419 3761 compertum
428 3715 486 3749 esse
499 3699 585 3762 cupis,
598 3698 691 3748 adibis.
835 3695 854 3746 lt
868 3697 1018 3759 mirarer]
1029 3693 1165 3762 Ejusmodi
1174 3695 1388 3764 expeditionibus

201 3775 203 3782 ⁴
224 3765 244 3814 d
258 3765 402 3827 Rationes]
411 3769 450 3814 Ex
461 3767 588 3816 cicerone
601 3766 653 3814 rim
663 3767 735 3816 vocis
747 3767 780 3816 is·
803 3768 911 3816 assueti.

191 3833 245 3884 tius
256 3845 416 3898 cognosces:
428 3835 468 3883 lta
476 3848 537 3884 vero
548 3832 619 3882 illam
628 3833 724 3894 reddit,
736 3835 780 3883 Co·
836 3831 846 3879 l
859 3829 1010 3890 Praess'dr'r's]
1028 3832 1056 3879 In
1070 3827 1146 3880 villas
1159 3830 1293 3892 proximas
1304 3827 1390 3897 bipar-

188 3904 249 3965 gr'tu
262 3916 333 3962 quem
345 3901 373 3948 ir:
385 3902 459 3948 locum
470 3906 504 3950 sis
511 3908 670 3964 progressus,
682 3902 711 3949 tr
721 3903 780 3952 uide
803 3898 849 3947 titi
863 3895 1070 3957 sunt,relorente
1083 3898 1220 3955 Cicerone,
1231 3898 1276 3960 qui
1284 3895 1390 3944 Voltur-

191 3969 254 4029 pm'd
266 3972 322 4032 jum
343 3967 388 4016 ribi
410 3969 443 4015 sit
458 3983 559 4016 necesse.
596 3965 710 4026 Gallice,
730 3969 780 4016 Lea
803 3966 842 4014 tio
861 3965 970 4014 insidias
990 3961 1122 4020 lucernum
1145 3972 1174 4012 ut
1190 3959 1296 4013 Tiberis
1320 3962 1388 4011 inter

191 4049 296 4082 mentre:
316 4049 364 4096 qne
384 4049 523 4084 vausune:
541 4033 660 4097 prisea?
679 4039 731 4084 stat
750 4036 780 4083 de
805 4047 860 4091 eos,
874 4033 896 4079 δι
909 4045 974 4095 pons
985 4031 1135 4080 interesset.

194 4115 236 4148 vm
249 4099 359 4162 affatres.
676 4104 679 4110 '
837 4114 863 4148 m
877 4095 1028 4160 Utrimque]
1041 4097 1150 4148 Scilicet
1162 4095 1251 4144 statim
1264 4093 1390 4158 cognorit

227 4163 368 4230 elnfimr's]
390 4169 495 4218 Servs„
804 4167 964 4222 Volturnus,
976 4165 1052 4214 dolos
1067 4166 1088 4212 dc
1102 4163 1210 4212 insidias
1220 4160 1336 4237 subesse.
1354 4225 1359 4237 ¹

227 4229 242 4284 f
249 4233 396 4298 Mundam]
421 4237 484 4292 Qua
500 4231 632 4302 perlerret
644 4233 679 4284 ad
690 4232 780 4285 Catili·
836 4235 924 4350 nfil'r‘rae
935 4229 1069 4294 diffidens]
1081 4229 1189 4284 Timens
1201 4243 1234 4282 ne
1247 4242 1274 4276 :n
1283 4227 1343 4280 loco
1354 4242 1390 4276 rn·

804 4305 844 4349 ter
866 4305 979 4350 seretur.
