3070 5034
469 259 670 328 BELLUM
692 205 1072 326 CriTlLlNARlUM.
1319 269 1357 324 85

175 439 296 520 magna
307 439 427 498 merres
441 431 627 508 aldebaran
642 448 747 500 tarnen
760 433 916 517 postulare
930 433 1084 518 plerique,
1100 433 1152 514 uti,
1163 432 1368 518 proponeret,⁸

175 543 251 606 quae
266 523 400 585 conditio
417 522 488 584 belli
504 521 608 584 foret:
633 540 700 602 quae
715 522 810 584 armis
826 521 953 603 praemia
968 535 1131 602 peterent:
1148 522 1224 602 quid
1243 519 1358 602 ubique

178 607 259 690 opis,
270 621 321 669 aut
332 607 398 688 spei
409 607 566 668 baberent.
593 605 681 668 Tum
694 605 827 680 Catilina
839 607 976 688 polliceri
990 616 1004 644 ²
1016 607 1136 670 tabulas
1146 627 1252 680 novas,
1263 601 1277 642 b
1287 625 1359 688 pro·

174 689 377 775 scriptionem
390 695 606 774 locupletium,
620 691 831 773 magistratus,
845 703 856 731 ⁶
870 691 1056 768 sacerdotia,
1072 691 1208 774 rapinas,
1220 693 1279 752 alia
1290 711 1358 750 om·

155 847 158 850 ,
177 779 239 852 nia,
253 799 322 859 quae
332 779 449 840 bellum
459 791 553 858 atque
565 777 672 840 lubido
683 778 837 840 victorum
851 778 931 840 lert:
948 791 1106 859 praterea,
1118 798 1187 838 esse
1201 777 1232 838 ia
1245 775 1359 854 llispa·

174 865 227 924 nit
235 864 380 926 citeriore
392 861 408 900 ‘¹
418 863 575 936 Pisonem,
587 861 617 922 ia
626 871 638 898 ²
646 859 838 926 Mauritania
844 884 917 926 cunr
927 865 1068 926 exercitu
1081 861 1118 924 P.
1130 861 1257 926 Sittium
1268 859 1358 922 fNu·

176 953 330 1026 cerinum,
344 947 467 1010 ‘consilii
483 948 530 1010 sui
546 947 728 1030 participes:
752 963 856 1030 petere
871 948 1064 1012 consulatum
1081 957 1095 996 ⁸
1112 947 1151 1012 C.
1168 945 1359 1022 Antonium,

174 1047 272 1118 quem
287 1035 349 1096 sibi
364 1032 514 1116 collegam
529 1036 595 1094 lore
610 1048 758 1114 speraret,
773 1033 932 1098 bominem
949 1049 981 1096 et
996 1033 1193 1110 familiarem,
1209 1051 1241 1097 et
1254 1033 1357 1096 omni·

178 1123 236 1183 bus
252 1117 534 1184 necessitudinibus
547 1117 816 1184 circumventum:
831 1141 904 1180 eum
919 1141 958 1182 eo
971 1121 1129 1184 consulem
1142 1143 1176 1182 se
1189 1119 1313 1184 initium
1326 1141 1358 1182 a·

170 1206 273 1288 Agendi
286 1203 452 1264 laetarum.
470 1204 598 1278 Adbuc,
609 1203 783 1264 maledictis
792 1205 969 1285 increpabat
979 1225 1088 1267 omnes
1100 1207 1213 1268 bonos:
1226 1223 1357 1272 suorum

175 1302 436 1371 unumquemque
448 1288 622 1366 nominans,
632 1287 774 1360 laudare,
788 1288 974 1352 admonebat
984 1291 1078 1354 aliurn
1091 1291 1248 1372 egestatis,
1261 1293 1358 1356 alium

176 1373 361 1457 cupiditatis
377 1394 450 1448 suae,
464 1375 641 1454 complures
657 1372 800 1454 periculi,
814 1387 869 1436 aut
883 1373 1075 1456 ignominiae,
1091 1375 1207 1442 multos
1219 1377 1357 1448 victoriae

176 1459 323 1536 Sullanae,
341 1458 455 1541 quibus
471 1480 507 1520 ea
524 1459 647 1540 praedae,
660 1457 771 1521 luerat.
795 1458 967 1540 Postquam
982 1459 1123 1525 omnium
1141 1432 1262 1524 anirdos
1275 1465 1284 1498 ¹
1298 1465 1359 1527 ala·

177 1564 245 1607 cres
257 1544 362 1616 videt;
380 1545 569 1616 cohortatus,
582 1558 616 1606 ut
630 1540 646 1584 ¹¹
658 1543 839 1626 petitionem
852 1565 941 1609 suam
954 1565 1037 1607 curae
1054 1546 1214 1622 baberent,
1225 1568 1359 1612 conten.

176 1646 250 1695 tum·
261 1630 393 1694 dimisit·
418 1628 523 1692 Fuere
539 1631 575 1690 eal
590 1644 785 1711 tempestate,
798 1629 854 1711 qui
870 1631 1010 1694 dicerent
1025 1629 1205 1708 Catilinam,
1218 1635 1361 1703 oratioue

175 1715 292 1790 hatita,
303 1713 378 1782 cium
391 1717 431 1779 ad
444 1715 667 1798 jusjurandum
678 1717 691 1752 2
703 1716 865 1797 populares
877 1717 1003 1784 sceleris
1017 1717 1064 1778 sui
1083 1719 1236 1802 adigeret,
1246 1720 1358 1785 huma·

168 1801 367 1881 ¹nicorporis
382 1801 564 1880 sanguinem
574 1801 648 1862 vino
657 1803 846 1882 permixtum
860 1804 892 1864 in
902 1803 1017 1884 pateris
1027 1799 1036 1840 ¹
1045 1803 1273 1874 circumtulisse
1286 1832 1295 1880 ς
1312 1807 1359 1870 in·

179 1886 232 1960 de,
245 1885 319 1950 crim
331 1897 401 1968 post
410 1885 640 1948 execrationem
651 1903 759 1947 otnaes
769 1885 1029 1968 degustavissent,
1042 1889 1133 1950 sicuti
1143 1891 1175 1952 in
1188 1889 1360 1956 ¹¹solemni·

176 1971 236 2034 bus
252 1991 348 2033 sacrts
365 1969 433 2032 fieri
450 1971 623 2046 consuevit,
638 1971 796 2050 aperuisse
813 1971 977 2036 consiliam
993 1993 1105 2046 suunn
1122 1995 1221 2056 asque
1237 1975 1277 2040 eb
1292 1979 1360 2042 dic·

175 2053 271 2118 citare
284 2054 493 2136 recisse-qua
511 2057 591 2116 inter
607 2077 639 2116 se
653 2057 753 2138 magis
767 2055 821 2118 lidi
833 2055 947 2130 forent,¹
964 2058 1044 2120 alias
1058 2059 1111 2120 alii
1124 2061 1200 2122 tanti
1214 2059 1361 2126 facinoris

176 2141 318 2208 conscii.-
329 2141 482 2208 Nonnulli
506 2140 578 2210 ficta
592 2156 624 2206 et
638 2139 717 2218 haec,
738 2157 770 2207 et
786 2143 884 2206 multa
899 2159 1062 2225 praeterea,
1084 2145 1306 2216 existimabant
1321 2149 1360 2216 ab

567 2349 573 2360 ,
623 2289 919 2378 tarsnraarsrm.

217 2467 398 2552 1Ροειᾳιιαηι
414 2467 496 2534 videt
517 2467 634 2534 animoa
654 2469 755 2536 omra-
780 2468 847 2530 illos
862 2469 916 2552 qui
931 2469 1054 2532 sceleris
1068 2471 1118 2554 aui
1133 2475 1247 2538 carterii
1270 2489 1360 2540 eraut

175 2574 225 2620 um
240 2555 379 2616 oratione
390 2564 547 2615 commotos
562 2563 592 2613 et
603 2573 752 2614 accensos.
778 2552 966 2636 etsautorca.

180 2701 183 2706 ,
216 2640 229 2720 ἓ
245 2629 320 2707 Cum
335 2639 475 2730 adigeret
487 2639 531 2712 ad
527 2635 752 2723 jusjurandum

711 2769 825 2818 NOTAE.

206 2895 223 2928 a
232 2876 363 2942 Tabulas]
380 2877 488 2930 Tabulae
499 2891 570 2929 novae
580 2877 754 2944 appellantur,
811 2879 831 2928 d
839 2882 974 2944 Plantam]
992 2885 1074 2939 Quem
1085 2885 1203 2936 occisum
1216 2884 1299 2938 l'ttisse
1313 2891 1362 2942 Ca·

174 2945 235 2995 cium
259 2945 365 3004 abolitis
385 2945 520 3012 prioribus
536 2945 644 3006 debitis,
667 2960 753 3006 nemo,
778 2945 881 2998 tillnam
907 2949 1017 3010 latebat,
1041 2961 1087 3004 sut
1111 2951 1184 3002 certe
1213 2953 1362 3006 dissimula.

174 3012 247 3076 quod
258 3012 537 3064 antedcreditorlbus
550 3024 748 3077 aceeptumests
777 3015 829 3064 bat.
1225 3029 1228 3036 ’

173 3078 280 3149 pogitur
292 3080 392 3130 solvere
403 3095 480 3146 :qua
491 3079 599 3146 quidem
610 3082 751 3144 proposita
808 3097 824 3131 e
836 3083 1018 3145 Mauritania]
1048 3081 1143 3135 Africa
1155 3085 1229 3152 regio
1239 3093 1292 3149 est,
1303 3077 1370 3166 rer·-

173 3145 574 3210 suntaliqaandotabulae,cl1m
589 3163 637 3197 are
656 3148 750 3206 alieno,
776 3163 821 3198 sus
834 3150 994 3204 Gaditanum
1008 3149 1112 3202 fretum.

171 3218 201 3262 et
218 3213 363 3276 praesertim
381 3211 469 3271 astatis
488 3213 563 3278 plebs
581 3217 750 3278 Romanaop·
809 3215 824 3266 l
832 3216 1014 3280 Narra-inam]
1044 3221 1259 3271 Macer-martam.
1293 3226 1360 3278 Qua·

171 3293 263 3344 pressa
275 3281 421 3344 erat.Gall.
431 3283 556 3330 ,tormina
566 3283 687 3334 desdetca.
699 3285 750 3332 An·
776 3292 836 3338 tuor
849 3291 938 3343 aulem
946 3285 1067 3334 Nuceria
1080 3286 1189 3338 luerunt
1200 3289 1225 3336 ia
1238 3287 1325 3340 ltalia.
1356 3297 1359 3304 '

171 3341 255 3414 glise,
266 3361 297 3394 an
308 3352 362 3398 Act
373 3347 404 3396 ol
411 3349 505 3397 Gracc.
811 3365 830 3413 g
845 3351 871 3402 U.
882 3353 1034 3414 Antonium]
1052 3353 1100 3403 llic
1113 3353 1165 3405 luit
1174 3355 1306 3404 triumviri
1317 3371 1362 3422 pa·

179 3411 461 3478 ‘'bProscriptt'onemJ
501 3417 543 3465 Ex
561 3427 614 3480 quo
631 3411 749 3464 factiosis
777 3425 861 3466 trous.

171 3475 345 3542 locupletium
358 3481 425 3530 bons
435 3480 584 3531 veniebant.
607 3479 677 3529 lllud
689 3480 750 3531 verd
810 3483 1009 3548 Ueritatem]
1029 3485 1189 3542 Consulatus
1203 3485 1317 3550 scilieet,
1329 3494 1361 3538 ut

170 3545 269 3598 malunt
282 3546 308 3594 in
322 3545 455 3606 civitatem
469 3549 621 3598 invexerant
634 3545 702 3596 bella
715 3549 750 3598 ci·
777 3547 818 3597 illi
831 3547 959 3604 ambirent
969 3553 1018 3606 &a

171 3609 243 3660 viiia.
258 3613 326 3661 Nam
340 3613 386 3679 qui
397 3629 445 3678 pet
457 3612 503 3664 illa
514 3615 648 3664 victoriam
662 3615 749 3678 adepta
812 3615 1036 3679 retractaremus]
1071 3621 1107 3668 Ut
1120 3619 1216 3682 singuli
1231 3619 1359 3684 biberent,

157 3674 288 3736 lucrant,
301 3679 339 3728 illi
352 3681 456 3730 nomine
466 3697 567 3737 eorum,
579 3683 625 3744 qui
637 3679 750 3731 diversa·
777 3697 823 3732 seu
835 3677 926 3746 potitis
938 3683 1075 3742 libertem,
1092 3699 1122 3742 et
1132 3687 1228 3737 leviter
1245 3691 1361 3756 attinge-

139 3781 142 3787 .
169 3759 229 3794 rum
240 3745 356 3808 partium
369 3745 451 3798 fuisse
462 3747 629 3813 putabantur,
643 3747 668 3796 in
678 3749 751 3799 tabu-
777 3758 843 3799 rent.
895 3787 897 3796 .

168 3809 204 3860 lis
225 3809 362 3876 descripta
384 3815 574 3878 proponebant,
596 3813 750 3866 constitutis
810 3817 1008 3879 lcSoleamr'bus]
1042 3816 1202 3882 ldest,puae
1215 3827 1359 3874 certr'ranar'
1417 3851 1420 3859 ·
1518 3809 1519 3818 ¹

169 3879 296 3943 praemiis,
313 3879 335 3928 si
349 3877 411 3944 quia
424 3895 514 3931 eorum
525 3895 672 3950 quenquam
684 3883 753 3932 ocol-
777 3887 922 3950 temporina
935 3885 997 3948 fieri
1019 3887 1127 3936 rebraret.
1163 3889 1193 3938 la
1216 3891 1250 3940 iia
1270 3902 1360 3940 autem

169 3941 268 3996 disset:
289 3945 363 4004 bonis
376 3947 456 3998 etiam
467 3953 674 4014 proscriptorum
685 3949 750 4014 pub·
778 3966 833 4000 mos
841 3962 899 4000 erat
911 3951 1053 4008 sacerdoti,
1061 3955 1295 4018 priusquaminter
1306 3955 1360 4006 vic,

152 4011 257 4060 “litatis
271 4009 351 4078 atque
363 4013 446 4064 bastae
456 4014 590 4082 subjectis.
679 4021 680 4027 ’
776 4018 847 4068 timae
857 4022 1047 4078 eortruarinum
1056 4019 1189 4080 funderet,
1197 4021 1319 4083 stlapulo,
1330 4015 1363 4072 id'

202 4093 218 4126 c
232 4079 403 4146 Sacerdotis]
418 4081 753 4148 Nontamdigaitaterrtip·
777 4097 816 4136 est
829 4087 936 4135 vasculo
948 4085 1035 4152 ligneo
1049 4099 1093 4136 aut
1105 4087 1190 4146 lictlli,
1208 4089 1355 4152 propinare,

172 4157 226 4194 sarn
238 4146 439 4208 sacerdotalem,
455 4149 533 4216 cajus
549 4149 692 4201 nebulones
710 4151 751 4200 illi
776 4161 856 4220 atque
867 4148 1204 4209 astantibuscircilrnlerre,
1219 4161 1248 4202 ut
1259 4157 1357 4220 pariter

170 4224 253 4274 prope
262 4213 360 4274 nullam
369 4229 461 4265 curam
474 4215 613 4276 habebant,
625 4215 703 4286 qubm
716 4232 750 4268 es
776 4221 899 4282 libarent,
910 4227 938 4270 et
950 4221 983 4272 de
995 4222 1056 4272 vino
1068 4223 1216 4292 gustarent.

170 4275 300 4347 dignitate
321 4281 434 4352 lucrum,¹
454 4289 510 4340 aut
533 4285 607 4356 quod
626 4292 751 4340 vocamus

170 4345 377 4422 ausbenetlc‘gtm
387 4351 600 4421 rutprelendam.
688 4343 691 4354 ¹
