3034 5060
179 322 342 436 11ss
501 397 505 406 -
641 365 892 445 snuuusru

175 556 264 608 ‘arte
285 543 417 624 modum
436 540 599 604 statuisset
625 554 783 624 praterea,
805 535 1024 603 *transversis
1034 537 1199 603 itineribus
1219 537 1371 622 quotidie

177 645 278 693 castra
287 649 414 692 movere
426 649 434 689 τ
446 623 539 712 juxti
553 623 627 690 acsi
640 627 745 692 hostes
756 629 912 702 adessent,
926 626 1007 689 vallo
1020 640 1112 710 atque
1123 624 1207 696 fossa
1224 623 1369 700 munirer

174 725 190 756 ⁶
199 715 321 798 vigilias
331 714 455 780 crebras
470 733 595 796 ponere,
607 727 639 776 et
650 735 702 778 eas
716 716 781 798 ipse
796 697 869 776 edm
882 713 992 794 legatis
1005 711 1136 775 circuire
1148 733 1156 771 :
1174 711 1251 772 item
1266 712 1297 773 in
1310 732 1369 794 ag?

175 800 260 864 mine
276 799 433 884 inprimis
448 796 558 874 modb,
573 798 669 862 modo
687 801 718 861 in
731 797 908 883 postremis,
923 795 1004 884 saepd
1021 798 1053 859 in
1070 795 1176 872 medio
1189 797 1310 874 adesse,
1324 815 1368 860 ne

176 885 343 969 quisquam
362 883 471 946 ordine
487 886 707 966 egrederetur:
729 881 790 962 uti,
804 883 902 947 dcurn
924 885 1022 968 signis
1037 882 1216 984 frequentes
1237 881 1368 944 incede-

174 985 256 1048 rent,
268 970 358 1032 miles
370 969 487 1046 cibum,
500 985 533 1032 et
547 990 634 1033 arma
644 986 792 1052 portaret.
816 971 866 1031 Ita
880 969 1074 1050 prohibendo
1090 989 1108 1028 e
1126 967 1249 1030 delictis
1261 964 1369 1050 magis

175 1055 274 1140 quim
288 1055 487 1130 vindicando,
502 1055 676 1118 exercitum
692 1053 781 1118 brevi
799 1055 1025 1122 ¹confirmavit.
1067 1050 1191 1116 Intereai
1208 1055 1370 1134 Jugurtha

174 1145 243 1221 ubi,
259 1158 329 1225 quae
346 1141 498 1202 Metellus
518 1143 638 1224 agebat,
654 1163 695 1203 ex
712 1142 835 1205 nunciis
851 1141 989 1223 accepit;
1012 1139 1105 1204 simul
1126 1140 1167 1203 de
1189 1139 1370 1202 innocentia

176 1229 246 1314 ejus
261 1228 375 1290 certior
386 1225 497 1293 Romaei:
514 1226 624 1302 factus,
637 1227 777 1290 diffidere
789 1228 855 1290 suis
864 1227 969 1304 rebus,
983 1247 1018 1288 ac
1030 1227 1241 1290 tum-demum
1252 1244 1369 1288 veram

176 1313 370 1378 deditionem
385 1310 488 1374 facere
503 1326 631 1376 conatus
647 1327 705 1376 est.
733 1313 836 1396 Igitur
849 1311 968 1396 legatos
977 1312 1018 1380 ad
1033 1311 1192 1374 consulem
1205 1331 1277 1372 cum
1290 1329 1369 1392 sup-

175 1399 278 1484 pliciis
297 1397 405 1475 mittit,
420 1399 475 1481 qui
496 1401 714 1462 tantummodo
731 1400 802 1481 ipsi,
816 1397 985 1479 liberisque
1000 1397 1098 1460 vitam
1119 1407 1280 1479 peterent;
1302 1395 1367 1458 alia

176 1484 283 1549 omnia
297 1484 449 1552 dederent
462 1483 577 1568 populo
593 1483 689 1546 Rom.
726 1485 790 1546 Sed
807 1483 941 1546 Metello
952 1483 1021 1566 jam
1036 1497 1125 1545 antea
1140 1480 1367 1564 experimentis

176 1571 337 1655 cognitum
349 1581 426 1646 erat,
440 1589 538 1652 genus
556 1569 769 1634 Numidarum
782 1569 926 1644 infidum,
938 1569 1064 1652 ingenio
1079 1567 1197 1649 mobili,
1209 1587 1368 1630 novarum

176 1677 284 1720 rerum
298 1655 426 1718 avidum
442 1675 522 1716 esse.
560 1655 672 1736 Itaque
687 1656 806 1737 legatos
822 1656 918 1717 alium
930 1655 969 1714 ab
984 1654 1045 1715 alio
1061 1655 1199 1716 diversos
1214 1651 1367 1734 aggredi·

176 1755 241 1818 tur,
253 1761 289 1803 ac
304 1739 466 1824 paullatim
481 1740 639 1813 tentando,
654 1757 820 1823 postquam
835 1754 1025 1822 opportunos
1042 1740 1100 1801 sibi
1115 1739 1271 1820 cognovit,
1282 1735 1372 1798 mul·

176 1843 210 1890 ta
218 1825 392 1910 pollicendo
401 1825 578 1908 persuadet,
586 1820 634 1888 uti
645 1827 835 1910 Jugurtbam
850 1822 1008 1887 maxime
1021 1826 1140 1900 vivum,
1149 1821 1196 1886 sin
1206 1822 1240 1885 id
1251 1821 1370 1904 partim

177 1913 337 1996 procedat,
351 1923 507 1988 necatum,
518 1910 578 1974 sibi
590 1913 766 1976 traderent:
783 1910 933 1976 caeterdm
947 1907 1059 1993 palam,
1072 1931 1139 1993 quae
1157 1928 1198 1970 ex
1208 1911 1372 1971 voluntate

177 1997 291 2074 forent,
305 1997 373 2080 regi
395 1995 537 2060 nunciati
556 1998 658 2080 jubet.
703 1997 788 2060 Dein
804 1997 870 2080 ipse
890 1996 997 2080 paucis
1012 1996 1123 2058 diebus
1139 1996 1258 2057 intento
1274 2007 1371 2076 atque

179 2084 294 2146 infesto
316 2081 457 2146 exercitu
476 2083 508 2142 in
525 2082 714 2146 Numidiam
736 2083 895 2166 proceditr
920 2082 985 2156 ubi,
1001 2096 1106 2144 contra
1125 2080 1199 2143 belli
1221 2080 1373 2158 ³'faciem,

177 2169 304 2254 tuguria
319 2171 408 2250 plena
423 2166 597 2244 bominum,
608 2189 731 2251 pecoraq
745 2170 941 2250 cultoresque
957 2167 989 2230 in
1005 2169 1088 2250 agris
1104 2185 1211 2230 erant:
1227 2186 1265 2226 ex
1276 2164 1369 2248 oppi·
1432 2231 1442 2245 ⁸

178 2257 242 2332 dis,
256 2269 288 2317 et
309 2253 516 2336 ‘mapalibus
531 2253 668 2336 praefecti
690 2255 774 2338 regis
797 2251 921 2316 obviam
944 2253 1164 2338 procedebant,
1182 2251 1279 2335 parati
1302 2249 1372 2314 fru-

178 2345 321 2404 mentum
342 2340 429 2411 dare,
444 2354 656 2402 commeatum
678 2355 812 2422 portare,
829 2339 989 2423 postremb
1013 2338 1128 2415 omnia,
1145 2359 1213 2420 quse
1235 2335 1371 2420 imperaq

179 2438 298 2503 rentur,
312 2423 426 2492 facere.
472 2424 587 2507 Neque
612 2426 763 2490 Metellus
785 2425 905 2489 ideircb
928 2424 1046 2502 mincis,
1066 2425 1121 2486 sed
1144 2424 1261 2506 pariter
1285 2422 1374 2489 acsi

179 2511 285 2574 hostes
311 2510 465 2588 adessent,
485 2512 607 2574 munito
633 2513 757 2594 agmine
785 2513 947 2585 incedere;
973 2508 1035 2573 late
1064 2511 1226 2592 explorare
1254 2509 1374 2586 omnia,

180 2597 234 2682 illa
259 2596 430 2660 deditionis
451 2595 543 2680 signa
561 2599 696 2661 ostentui
723 2599 862 2674 credere,
893 2612 924 2659 et
948 2596 1070 2658 insidiis
1095 2597 1199 2658 locum
1221 2593 1234 2638 ἕ
1241 2608 1373 2665 tentare,

182 2681 292 2764 ltaque
311 2684 378 2764 ipse
396 2695 469 2745 cum
492 2683 860 2764 expeditis-cohortibus,
875 2683 952 2745 item
967 2681 1165 2745 funditorum
1188 2695 1220 2743 et
1242 2677 1371 2762 sagitta·

179 2767 299 2832 riorum
314 2764 435 2831 delent
457 2787 563 2846 manu,
578 2768 662 2852 apud
684 2771 803 2854 primos
825 2783 910 2832 erata
934 2769 966 2831 in
983 2782 1143 2853 postremo
1163 2766 1202 2830 C.
1218 2765 1373 2834 amarius

621 2943 922 2998 trtTERPRaTATlo,

223 3091 347 3156 ¹Brevt
363 3093 529 3158 exercitum
544 3095 592 3189 αιζ
594 3096 764 3180 pristinam
787 3097 824 3159 id
835 3093 938 3159 minas
953 3093 1104 3180 prospers?
1127 3093 1271 3174 eueniret,
1286 3114 1375 3160 necas
1413 3119 1416 3128 .

180 3180 373 3258 fisciplinam
387 3182 550 3243 revocavit.
788 3193 859 3244 tum.

222 3263 421 3335 ²Persuaa'et
431 3278 466 3326 ut
475 3267 650 3346 prasertim
664 3269 763 3330 trade·
829 3269 841 3304 ³
859 3267 974 3330 Contra
995 3269 1031 3330 id
1048 3270 1131 3354 qnod
1150 3268 1218 3331 belli
1240 3279 1379 3350 tempore

179 3362 251 3416 rent
259 3348 319 3410 cibi
329 3350 528 3436 Jugurthom
537 3353 649 3432 vinum,
656 3354 687 3416 si
694 3351 764 3418 verb
787 3355 922 3436 conspici
934 3356 1022 3434 solet,
1037 3355 1166 3440 tuguria
1181 3364 1271 3434 erant
1280 3352 1379 3437 plena

789 3441 954 3513 huminum.

721 3613 836 3662 NOTAE.

213 3744 327 3806 astrea]
349 3747 390 3796 Et
406 3761 473 3812 opus
490 3753 534 3797 est
550 3745 666 3806 omnino,
681 3750 764 3809 esque
819 3746 914 3797 dcam
932 3744 1034 3812 sig-nis]
1058 3749 1099 3796 Ne
1119 3744 1232 3806 scilicet,
1244 3741 1380 3808 dispersis

178 3811 294 3860 maxima
308 3811 334 3860 in
345 3813 476 3878 ejusmodi
489 3813 678 3863 occasionibus.
705 3813 764 3868 Qua
786 3813 924 3874 militibus,
943 3814 1028 3864 hostis
1049 3812 1240 3871 interveniret:
1261 3812 1303 3862 vel
1322 3811 1382 3875 ipsi

177 3874 240 3927 verb
253 3878 280 3926 in
291 3893 318 3928 re
331 3877 382 3927 sita
399 3880 444 3940 sit,
456 3883 500 3929 vix
513 3881 584 3930 ullus
597 3879 709 3936 dixerit;
728 3880 764 3930 ita
785 3879 943 3946 praedassent
954 3879 1031 3946 fugae,
1042 3880 1206 3934 occasionem
1219 3878 1381 3929 invenirent.

178 3954 247 4003 sunt,
258 3942 384 3994 autcertd
394 3947 524 4007 videntur,
534 3947 624 4012 exigui
636 3946 762 3996 momenti
817 3965 832 3998 e
845 3947 1011 4013 Mopolibur]
1034 3949 1086 3998 Hic
1101 3947 1155 4004 vici
1173 3953 1220 3997 sut
1236 3944 1308 4012 pagi,
1326 3957 1381 4009 per
1470 3959 1473 3966 ’

176 4009 314 4060 innumera
323 4026 380 4076 quae
392 4013 427 4061 ad
438 4013 467 4062 id
479 4022 646 4064 concurrunt.
786 4015 897 4079 mapalis
907 4022 970 4064 sunt
980 4014 1157 4083 intelligendi.

211 4077 228 4126 b
248 4077 434 4142 Teanenses]
459 4081 491 4128 ld
509 4089 561 4140 est,
582 4097 630 4130 non
642 4089 690 4144 per
707 4085 763 4132 nias
817 4081 832 4130 s
839 4081 966 4144 Tentura]
979 4080 1091 4130 Omnino
1102 4079 1244 4150 legendum
1258 4077 1379 4129 arbitros·

177 4154 278 4204 stratas,
292 4150 338 4196 secl
348 4155 396 4210 per·
413 4163 496 4210 agros,
512 4152 602 4211 sylvas,
620 4149 669 4198 &a
680 4154 712 4196 ut
729 4149 762 4197 iis
785 4146 1047 4214 tertamblugurtba
1056 4147 1168 4209 scilicet,
1177 4151 1258 4213 prout
1267 4148 1379 4201 censuit

175 4212 306 4272 omnihm,
319 4214 342 4263 si
356 4228 419 4262 usus
433 4214 543 4273 veniret,
553 4215 652 4264 assueti
664 4223 763 4265 essent.
785 4218 940 4266 Gronovius.

210 4293 226 4354 ⁰.
234 4278 373 4358 sigillos]
393 4281 462 4330 Gall.
481 4282 537 4330 Des
549 4285 694 4332 sentineltes.
709 4283 761 4332 Sed
817 4281 969 4348 gMoriasl
982 4282 1033 4338 Qui
1045 4281 1138 4341 fuerit,
1148 4279 1258 4331 tametsi
1266 4275 1377 4328 aliunde

176 4349 261 4394 tutius
272 4346 351 4409 quarn
363 4347 399 4396 sit
408 4346 497 4402 hodie,
513 4348 602 4410 plures
613 4348 681 4399 enim
693 4350 763 4400 rnili-
784 4349 956 4408 nesciremus,
970 4347 1037 4399 satis
1053 4363 1186 4414 superque
1200 4361 1235 4398 ex
1247 4345 1378 4408 Sallustio

176 4418 219 4461 *es
228 4425 279 4462 uno
292 4414 318 4464 in
330 4413 398 4478 luco,
411 4413 616 4475 collocabantur.
783 4422 846 4482 post
857 4415 965 4472 mudum
978 4429 1207 4484 cognosceremus.
