3070 5034
490 865 585 983 Ab
620 859 1047 998 habronem.

624 1177 899 1220 Q

261 1408 385 1512 QUIS
403 1416 510 1490 fuerit
527 1417 679 1510 crispus
699 1411 909 1506 Sallustius,
925 1421 1117 1510 antequam
1132 1415 1199 1490 tihi
1217 1417 1357 1494 sistere:

160 1499 231 1604 tur,
249 1515 447 1588 monendus
465 1538 576 1606 esses,
589 1515 703 1586 amice
719 1513 850 1586 lector:
872 1513 949 1586 Sed
966 1513 1061 1586 illud
1074 1513 1160 1610 quia
1172 1515 1240 1586 viri
1251 1513 1362 1610 juxta

161 1609 259 1684 docti
276 1619 312 1686 et
328 1614 488 1688 celebres
506 1611 649 1710 egregie
666 1611 917 1704 praestiterunt,
931 1611 1236 1706 supervacaneum
1251 1613 1359 1688 duxi·

158 1730 239 1782 mus
252 1713 474 1784 eorumbene
485 1713 839 1806 scripturecuquerc:
856 1709 1032 1804 Adeoque
1043 1710 1189 1800 exiliis,
1201 1711 1234 1782 si
1245 1710 1359 1800 lubet,

160 1809 317 1881 auctoris
334 1810 447 1882 nostri
459 1816 494 1882 et
504 1809 615 1902 vitpm
626 1811 662 1872 et
673 1829 787 1876 mores
801 1807 1023 1903 cognoveris.
1050 1807 1166 1880 Aliud
1183 1810 1360 1904 est,qnod

160 1906 303 1974 anobis
315 1904 412 1998 jure,
431 1905 626 2000 meritoque
643 1904 833 1994 expectem
853 1926 1054 1994 quemnam,
1067 1905 1219 1994 scilieet,
1230 1929 1278 1978 ex
1290 1907 1359 1980 hac

159 2019 254 2072 nova
271 1997 442 2079 Sallustii
458 2000 628 2088 editione,
645 1996 800 2070 fructum
817 2005 964 2092 cripere
980 2001 1110 2094 possis.
1137 2001 1358 2096 Institutum,

133 2145 137 2150 -
158 2097 339 2191 totiusque
356 2095 475 2190 operis
493 2093 778 2194 designationem
796 2095 827 2167 si
844 2097 998 2191 spectes,
1014 2099 1105 2172 nihil
1123 2123 1195 2172 uon
1212 2121 1364 2196 sperare

161 2193 315 2286 audeas:
342 2192 385 2266 N
386 2217 456 2289 am,
475 2195 574 2290 quod
597 2199 679 2268 ante
704 2193 825 2265 omnia
848 2194 1019 2266 monitum
1038 2201 1073 2266 te
1090 2197 1268 2290 volumus,
1288 2222 1362 2274 non

157 2291 332 2365 instinctu
356 2299 490 2383 nostro,
507 2293 575 2366 sed
591 2289 848 2388 sapientissimi
866 2291 969 2364 ducis
989 2288 1244 2387 Montanserii,
1262 2319 1357 2369 sere-

65 2463 68 2468 ,
159 2389 302 2462 nissimi
318 2387 496 2484 Delphini
512 2388 760 2477 moderatoris,¹
780 2387 900 2484 jus'su,
918 2389 1153 2486 consilioque,
1173 2393 1359 2486 eximium,
1386 2403 1389 2406 ”

159 2509 201 2558 eo
220 2511 292 2582 quo
309 2488 451 2563 videbis
467 2495 607 2582 ornatu,
627 2486 835 2561 historicum
857 2485 922 2560 tibi
943 2487 1166 2568 exhibemus.
1215 2489 1302 2582 Ille,
1319 2499 1360 2566 ut

159 2591 214 2656 est
230 2586 327 2659 omni
352 2587 587 2662 humanarum
611 2587 796 2660 literarum
821 2583 1002 2682 elegantis
1026 2585 1204 2678 excultus,
1222 2589 1285 2660 uhi
1304 2590 1357 2662 in-

156 2683 339 2756 stituendo
356 2685 512 2782 principi
529 2685 741 2783 praepositus
757 2691 823 2776 est,
837 2707 994 2780 quonam
1008 2682 1234 2778 potissimum
1251 2687 1359 2760 modo

154 2779 295 2878 singuli
319 2790 481 2858 auctores
506 2783 628 2876 facile,
644 2783 868 2878 feliciterque
892 2781 1109 2878 legerentur,
1127 2783 1235 2881 erepit
1259 2786 1357 2880 cogi-

157 2884 253 2952 tares
280 2905 361 2976 qnae
378 2871 499 2956 lucem
515 2880 691 2956 adderent
713 2881 909 2978 legentium
930 2880 1078 2952 animis}
1108 2903 1186 2975 qne
1204 2879 1356 2978 impedi

157 2979 516 3062 mentuminferrent:
537 2993 651 3080 enque
667 2981 786 3054 omnia
797 2978 1061 3068 animadvortit,
1074 3001 1154 3072 que
1166 2987 1237 3066 uon
1251 2981 1358 3054 modo
1406 2987 1409 2994 '

155 3075 379 3176 serenissimi
402 3077 592 3174 Delphini,
610 3078 677 3154 sed
700 3076 848 3174 publica
864 3076 971 3150 etiam
987 3077 1108 3148 studia
1126 3073 1258 3172 juvare
1273 3103 1358 3174 pos.

157 3179 248 3253 tenti
298 3169 392 3248 Duae
416 3177 560 3250 suntin
587 3175 753 3274 legendis
779 3176 983 3249 auctoribus
1009 3169 1248 3268 difficultates,
1276 3201 1357 3273 quae

157 3269 408 3349 festinantibus
427 3283 463 3348 et
478 3276 595 3348 minus
613 3275 817 3350 exercitatis
835 3274 1016 3370 negotium
1027 3273 1226 3346 facessant:
1249 3271 1357 3355 Prior·

159 3369 317 3462 quidem,
331 3391 439 3468 quam
455 3374 543 3446 lacit
558 3375 637 3468 ipse
655 3397 770 3446 sermo
787 3379 823 3444 et
839 3372 969 3462 dicti03
988 3395 1052 3444 scu
1069 3393 1148 3466 quae
1165 3395 1212 3444 ex
1228 3372 1359 3468 lingua

159 3471 195 3538 et
208 3467 378 3542 ,idiomate
396 3472 528 3544 oritur:
557 3471 645 3544 Alia
661 3494 758 3563 vero,
776 3493 856 3564 qum
875 3472 981 3543 rebus
1007 3469 1097 3564 ipsis
1115 3468 1355 3564 adscribitur3

155 3572 247 3658 quas
265 3567 324 3640 vel
341 3571 456 3642 obiter
470 3569 529 3642 illi
551 3570 588 3643 in
608 3581 714 3644 cursu
740 3568 924 3659 orationis,
941 3567 1000 3650 vel
1024 3570 1192 3662 tanquam
1208 3569 1361 3661 abunde,

157 3663 318 3758 eognitas
344 3668 554 3764 attigerunt:
581 3669 709 3762 quavis
726 3666 773 3739 de
790 3664 1086 3760 causadenique,
1105 3663 1176 3736 non
1198 3667 1287 3740 satis
1305 3669 1359 3744 ad

124 3773 128 3781 ’
156 3761 300 3856 captum
317 3767 488 3856 omnium,
506 3765 788 3862 explicaverunt.
828 3763 989 3840 Multam
1006 3763 1185 3858 equidem,
1204 3787 1357 3861 eamque
1379 3831 1382 3834 ⁴

155 3860 312 3932 maxime
329 3861 549 3938 laudabilem
568 3888 713 3960 operam
736 3864 775 3936 in
800 3864 857 3936 his
883 3861 1065 3936 solvendis
1084 3861 1356 3952 difficultatibus
1390 3945 1393 3948 Α

152 3958 427 4033 collocaverunt
450 3961 622 4036 hacteuus
639 3963 708 4035 viri
732 3961 986 4040 eruditissimi:
1014 3959 1065 4032 At
1083 3983 1148 4032 sno
1173 3959 1266 4049 loco,
1284 3987 1353 4036 nec

156 4057 243 4128 satis
262 4057 447 4132 commode
464 4060 543 4132 visa
563 4067 647 4132 sunt
670 4060 882 4156 positaque
906 4059 963 4131 illi
987 4057 1202 4172 ceteroquin
1220 4061 1352 4154 optime
1397 4057 1403 4068 ’
1529 4105 1530 4114 1

154 4155 388 4250 scripserunt·
437 4151 576 4230 Eorum
594 4157 691 4230 enim
706 4159 976 4236 commentarios
994 4156 1056 4229 ubi
1072 4155 1352 4254 impulsaque

156 4249 205 4330 ad.
229 4253 361 4330 nudam
382 4270 510 4337 vocum
534 4261 570 4330 et
593 4255 737 4360 phrasis
760 4257 940 4351 pertinent
963 4253 1271 4352 significationem,
1289 4265 1352 4333 aut

266 4372 271 4384 ‘
593 4357 600 4373 ¹
1120 4371 1132 4401 s

759 4353 814 4452 (b)
