3070 5034
225 296 267 352 aa
550 225 583 344 ἱ,
686 279 935 353 SALLUSTH

224 463 247 498 ⁸⁴
261 477 301 522 eo
311 453 483 538 respultliea
497 453 529 516 in
543 465 684 518 extremo
698 451 758 515 sita
768 467 827 516 est.
858 461 874 491 ²
883 452 952 516 Sint
965 452 1054 530 saue,
1067 455 1217 538 quoniam
1231 457 1323 522 irase
1332 476 1400 526 mo-

222 549 244 582 “
259 565 310 608 res
332 543 454 617 habent,
468 540 610 606 liberales
629 559 672 602 ex
694 534 850 605 saniorum
871 537 1021 602 fortunis:
1043 545 1106 606 sint
1127 544 1348 608 misericordes
1366 545 1401 610 in

222 635 244 668 “
261 627 381 704 furibus
396 627 515 702 aerariir
529 648 567 688 ne
584 625 627 691 illi
642 625 824 707 sanguinem
838 641 979 690 nostrum
991 627 1171 710 largiantur,
1183 643 1225 703 et,
1236 630 1315 694 dum
1326 651 1402 714 pau·

223 721 245 755 “
260 719 306 798 cis
316 713 475 777 sceleratis
487 727 626 796 parcunt,
637 713 734 772 bonos
744 730 853 772 omnes
865 711 1022 792 perditum
1033 729 1115 774 eant.
1138 712 1151 751 ¹³
1163 715 1260 790 Bene,
1272 731 1304 778 et
1316 737 1402 779 com-

220 807 243 840 “
258 799 358 888 posita}
375 799 412 864 C·
428 797 533 863 Caesar
546 797 639 879 pauli)
656 793 726 861 ante
744 796 775 858 in
791 795 849 858 hoc
865 797 976 866 ordine
992 799 1033 862 de
1049 797 1124 874 viti,
1134 815 1169 869 ,et
1184 817 1285 865 morte
1302 803 1403 865 disse·

221 893 244 926 ·‘
259 889 342 964 tulli
364 885 459 948 eredo
473 882 550 946 falsa
565 881 746 944 existimaus
761 903 809 957 ea,
824 903 893 966 quae
910 882 950 953 de
966 881 1075 948 inferis
1090 897 1339 961 memorantur,c
1353 890 1403 950 di-

220 978 243 1012 “
258 994 350 1037 verso
361 971 471 1034 itinere
487 969 584 1032 malos
599 965 617 1028 ὲ
630 967 720 1032 bouis
732 967 799 1030 loca
813 981 903 1042 tetra,
915 967 1041 1046 inculta,
1055 969 1146 1045 soeda,
1162 970 1280 1054 atqued
1290 972 1403 1038 formi-

219 1063 241 1096 “
256 1053 364 1124 dolosa
377 1056 501 1120 babere.
535 1055 645 1136 Itaque
661 1053 794 1128 censuit,
809 1055 955 1134 pecunias
970 1075 1079 1116 eorum
1091 1056 1302 1140 publicandas,
1313 1059 1402 1140 ipsos

219 1149 242 1181 “
258 1165 313 1225 per
328 1142 499 1224 municipia
513 1141 544 1204 in
560 1140 712 1206 custodiis
726 1139 904 1213 habendos;
920 1139 1101 1216 ‘videliceu
1111 1164 1152 1204 ne
1165 1144 1197 1206 si
1209 1142 1316 1206 Romae
1327 1146 1404 1221 siat,

181 1261 184 1275 ν
219 1233 241 1266 “
257 1227 343 1306 suti¹
363 1228 562 1312 popularibus
584 1225 817 1310 conjurationis,
832 1241 886 1288 aut
905 1221 923 1287 a
945 1226 1146 1290 multitudine
1168 1231 1332 1302 eonducta,
1344 1251 1406 1312 per

219 1319 240 1354 ‘⁴
255 1318 324 1380 vim
337 1313 523 1398 eripiantur,
563 1309 665 1386 Quasi
680 1333 757 1373 vero
775 1310 862 1385 mali,
877 1327 969 1393 atque
992 1313 1114 1378 scelesti
1136 1317 1354 1387 tantummodo
1369 1317 1408 1380 in*

218 1407 239 1438 “
256 1403 344 1478 urbm
360 1418 465 1464 ernon
479 1420 534 1481 per
549 1412 647 1460 totam
664 1397 788 1460 Italiam
804 1395 884 1468 sint;
901 1411 1030 1463 autnon
1047 1399 1089 1460 ibi
1105 1397 1180 1481 plius
1191 1401 1292 1482 pessit
1306 1402 1407 1474 auda-

146 1561 150 1568 ¹
217 1492 240 1526 “
255 1489 314 1562 sia,
329 1488 383 1558 ubi
395 1486 436 1548 ad
450 1483 684 1546 defendendum
696 1503 774 1564 opes
791 1481 926 1544 minores
938 1497 1020 1546 sunt.
1052 1485 1404 1569 *Quarevvanumequi-

217 1579 239 1647 ‘.‘
254 1575 329 1639 dem
342 1573 402 1636 boc
417 1567 582 1640 consilium
597 1581 656 1638 est,
666 1567 693 1628 si
709 1567 884 1648 periculum
899 1589 940 1630 ex
955 1567 1016 1632 illis
1030 1571 1160 1634 metuite
1196 1571 1252 1634 sin
1267 1571 1300 1634 in
1315 1587 1405 1636 tauto

158 1719 161 1724 ,
217 1664 239 1696 “
254 1659 396 1722 omnium
412 1670 499 1728 metu
518 1655 602 1724 solus
622 1672 684 1714 non
704 1653 813 1725 timetr
836 1653 876 1716 eb
897 1653 998 1736 magis
1013 1655 1121 1732 refert,
1136 1678 1186 1719 rne
1202 1657 1292 1733 mibi,
1306 1674 1402 1740 atque

216 1745 344 1808 “vobis
365 1743 507 1820 timere.¹
533 1738 642 1814 Quare
664 1737 739 1802 crim
755 1739 799 1800 de
819 1739 853 1802 P·
879 1739 1026 1815 Lentulo,
1047 1742 1403 1824 caeterisquesatatuetis,

217 1834 239 1868 ‘⁴
254 1851 311 1914 pro
326 1846 411 1893 serto
427 1828 582 1902 habetote,
595 1845 653 1889 voa
671 1825 766 1888 simul
777 1825 822 1892 ⁴de
839 1827 979 1910 exercitu
995 1827 1136 1898 Catilinas
1150 1845 1183 1890 et
1198 1829 1238 1892 de
1247 1830 1403 1894 ,omnibus

216 1919 238 1958 “
254 1915 422 2000 conjuratis
443 1911 652 1986 fdecernerm
687 1909 828 1987 Quanta·
845 1932 900 1984 vos
930 1922 944 1960 Ε
951 1913 1100 1978 attentius
1118 1935 1159 1976 ea
1181 1914 1293 1996 agetis,
1313 1915 1406 1982 tantb-

216 2008 239 2040 “
254 2003 315 2066 illis
330 2003 453 2066 animus
469 1997 621 2062 infirmior
640 1998 719 2068 erite
743 1998 770 2058 si
785 1998 1057 2078 paululummodb
1074 2001 1293 2084 vos-languere
1309 2001 1400 2064 vide-

215 2094 237 2126 “
253 2091 326 2164 rint,
337 2090 405 2171 jam
417 2106 526 2154 omues
539 2085 661 2148 feroces
676 2083 836 2145 aderunt..
864 2082 972 2144 Nolite
988 2085 1179 2162 existimare,
1192 2086 1325 2168 majores
1342 2108 1400 2152 no·

216 2179 238 2213 “
253 2192 334 2238 stros
347 2169 468 2234 harmis
488 2169 711 2251 rempublicam
732 2189 772 2230 ex
793 2172 886 2250 parva
909 2189 1050 2250 magnam
1069 2173 1191 2234 fecisse.
1236 2171 1270 2234 Si
1292 2173 1334 2236 ita
1349 2193 1402 2239 res

216 2264 238 2298 “
254 2275 347 2335 esset,
363 2256 463 2320 mulrb
479 2255 721 2340 pulcherrimam
743 2273 890 2346 campros
910 2253 1107 2320 haberemus.
1152 2257 1280 2341 Quippe
1301 2260 1402 2322 socio·

215 2349 238 2383 “
253 2368 336 2421 rum,
350 2347 443 2426 itque
459 2342 588 2414 civium,
602 2338 755 2424 praeterea‘
765 2359 936 2414 armorum,
951 2356 1046 2422 atque
1061 2365 1213 2424 equorum
1231 2343 1331 2427 major
1348 2334 1402 2408 co*-

193 2451 198 2468 ·
215 2435 238 2468 “
253 2431 305 2515 pia
315 2429 415 2505 nobis,
431 2425 524 2512 quam
542 2427 613 2501 illis,
626 2442 683 2488 est.
708 2425 771 2487 Sed
783 2426 843 2487 alia
857 2426 960 2502 fuere,
974 2448 1041 2508 quae
1058 2429 1126 2490 illos
1144 2451 1272 2512 magnos
1284 2429 1403 2508 secere,

216 2521 239 2563 ‘⁴
254 2539 323 2600 quae
343 2516 432 2578 nobis
452 2514 534 2577 nulla
556 2530 642 2575 sunt:
667 2511 753 2574 domi
779 2511 950 2583 industria3
974 2512 1051 2576 foris
1070 2515 1190 2597 justum
1213 2517 1403 2598 imperium

215 2607 238 2642 ‘⁴
252 2604 376 2666 animus
392 2606 424 2664 in
436 2599 627 2664 consulendo
640 2596 738 2666 liber;
754 2617 855 2677 neque
871 2594 1015 2674 idelicto,
1025 2621 1127 2682 neque
1139 2600 1270 2664 lubidini
1282 2603 1402 2664 obnox-

215 2694 237 2726 “
254 2690 313 2752 ius.
359 2687 422 2750 Pro
443 2687 493 2748 his
513 2707 569 2747 nos
591 2684 741 2746 habemus
764 2681 935 2758 luxuriam,
955 2699 1049 2766 atque
1072 2687 1253 2748 avaritiam:
1276 2685 1404 2768 publicai

216 2778 238 2812 “
255 2781 436 2856 egestatem,
458 2765 606 2854 privatim
629 2767 842 2852 opulentiam:
865 2767 1056 2833 klaudamus
1079 2771 1215 2846 divitias,
1238 2771 1404 2852 sequimur

219 2864 239 2906 ⁴*
255 2859 418 2923 inertiam:
436 2860 516 2919 inter
526 2855 623 2919 bunos
639 2871 670 2918 et
686 2851 784 2926 malos
799 2852 985 2924 ldiscrimen
999 2857 1135 2926 nullum:
1153 2857 1258 2920 omnia
1274 2849 1403 2930 virtutis

752 3002 867 3059 uoTAE.

249 3115 430 3183 sSr'aeraad]
451 3114 640 3168 vehementem
663 3111 742 3162 babet
760 3113 799 3162 rs·¹
852 3107 867 3160 l
876 3111 1034 3175 Daremma]
1053 3111 1118 3162 Gall.
1142 3117 1194 3173 Que
1208 3131 1268 3164 vous
1282 3114 1363 3179 suites
1380 3119 1404 3168 la

214 3185 414 3251 prehensionem
433 3184 487 3233 hac
510 3181 619 3246 ellipsis.
660 3180 796 3232 Neminem
816 3177 933 3241 praefari
948 3182 1065 3240 vatibus,
1077 3181 1126 3230 erc.

214 3254 331 3302 nominat
353 3255 427 3308 Cato,
438 3249 490 3300 sed
506 3246 538 3298 ed
556 3243 663 3314 gravius
681 3246 800 3312 conjura·
853 3245 1031 3310 gArteutr'us]
1045 3247 1094 3297 llis
1104 3242 1159 3294 ferd
1175 3244 1315 3311 significat,
1328 3253 1405 3312 majo.

214 3329 301 3370 torum
314 3316 569 3376 lautoresexsgitat,
646 3355 648 3362 ,
708 3352 711 3365 ,
820 3315 843 3360 rr*
855 3329 908 3362 cum
919 3317 1011 3377 rigare.
1031 3313 1098 3366 Gsll.
1112 3315 1175 3362 Plus
1186 3330 1247 3366 vous
1259 3321 1404 3378 apportem

249 3386 265 3436 b
277 3387 348 3439 Bene
357 3395 380 3434 et
391 3380 541 3448 compositu]
554 3380 650 3431 lisdem
664 3394 797 3444 propemo·
821 3381 850 3428 ‹le
860 3383 963 3442 riguerat·
975 3385 1105 3444 <laureatae
1116 3381 1213 3448 affaire.

214 3453 375 3504 dumverbis
393 3451 504 3500 aliorum
523 3451 608 3499 Cesar
626 3447 797 3512 reprebende-
852 3445 987 3510 hstmin]
1012 3450 1127 3509 lantum,
1151 3446 1255 3512 supple,
1279 3455 1325 3498 aut
1339 3457 1403 3514 prr·

213 3521 404 3574 ratoratinneru
415 3539 420 3567 :
434 3528 512 3582 elque
523 3515 560 3565 ila
571 3516 595 3565 iu
606 3519 646 3576 eo,
656 3515 728 3582 quod
738 3530 797 3579 gra·
819 3518 909 3562 sertim.

213 3586 350 3636 vissimum
361 3593 411 3646 est,
420 3585 492 3636 idem
504 3583 568 3632 illud
582 3591 720 3648 peccatum
731 3584 797 3634 Cato
853 3579 862 3628 i
874 3579 991 3642 Delicta]
1012 3578 1107 3638 Tacite
1119 3580 1247 3648 quosdam
1260 3583 1344 3645 carpit
1353 3582 1402 3646 qui

212 3651 337 3716 castigat,
350 3652 419 3714 qrrntl
432 3653 477 3702 ille
491 3650 517 3702 in
529 3650 587 3702 aliis
600 3649 797 3705 animadvertis·
819 3644 1007 3714 conjurationis
1021 3649 1122 3697 conscii
1140 3660 1198 3704 ease·
1216 3649 1402 3707 credebantur,

214 3733 242 3770 se
255 3717 419 3768 credebatur.
495 3759 498 3767 r
819 3716 895 3778 quasi
908 3711 1024 3774 illisum
1036 3714 1062 3764 in
1075 3715 1155 3778 culpa
1167 3715 1264 3773 esseut,
1274 3713 1332 3764 ideo
1344 3731 1404 3778 per-
1433 3741 1435 3749 s

247 3786 400 3846 wiseraa]
420 3788 484 3840 Quae
498 3786 531 3834 ‹le
551 3781 642 3832 inseris
665 3781 690 3830 iu
709 3781 795 3840 ulysis
819 3781 954 3831 duellibus
965 3780 1093 3842 faverent,
1106 3777 1180 3846 quaid
1190 3781 1268 3831 aliter
1279 3781 1328 3829 sibi
1341 3797 1404 3831 etru-¹

154 3907 158 3912 ,
212 3850 314 3914 eampis
331 3849 442 3901 fabulati
459 3860 526 3901 sunt,
540 3861 632 3916 poetar,
650 3863 726 3900 nemo
744 3863 794 3904 npu
819 3849 904 3898 sulere
917 3863 966 3896 non
982 3859 1097 3911 possent.

213 3917 293 3968 notit.
850 3913 1049 3978 lalandenus]
1074 3919 1125 3964 Pro
1138 3929 1250 3964 amamus.
1276 3915 1316 3962 lla
1329 3911 1402 3966 enim

246 3984 459 4046 dromedarie]
480 3988 537 4034 llne
553 3989 605 4042 est,
618 4000 669 4046 que
681 3983 794 4047 surmidi-
818 3975 967 4046 camparals
980 3991 1023 4030 est
1037 3983 1170 4033 bominum
1181 3990 1282 4039 natura,
1292 3983 1333 4038 ut,
1342 3994 1402 4052 quae

211 4067 265 4100 aem
280 4055 552 4111 instantissimum.
583 4051 653 4100 Gall.
668 4047 793 4114 Odregne
818 4047 963 4107 laudamus,
981 4063 1013 4098 ea
1031 4050 1132 4114 pariter
1150 4061 1272 4096 amemus.
1309 4047 1402 4112 Atque

213 4119 359 4182 lnsrrrpeur.
404 4119 406 4123 '
777 4141 784 4178 ;
817 4113 877 4163 hinc
889 4115 982 4169 oritur.
994 4124 1022 4164 et
1040 4115 1090 4166 huc
1109 4114 1224 4165 recurrit
1236 4111 1322 4162 omnis
1335 4114 1403 4179 poli·

244 4200 259 4233 e
276 4181 414 4246 rauracus]
431 4182 521 4232 irrisio
533 4193 573 4235 est
584 4183 704 4238 caesaris,
715 4197 792 4247 quem
817 4181 930 4232 ticorum
947 4182 1068 4232 scientia.

209 4251 275 4300 caro
293 4266 340 4316 per
357 4262 439 4302 torum
460 4250 527 4300 bane
543 4252 688 4302 orationem
699 4243 792 4304 acerbe
849 4247 1036 4314 Iniurium]
1059 4249 1349 4311 ldest,artllabmoram
1361 4263 1400 4308 ra,-

211 4316 316 4372 vellicat
327 4327 356 4370 et
367 4321 519 4374 insectatur.
801 4317 969 4372 :trauersum
