3070 5034
431 281 631 352 BELLUM
654 279 1036 351 CATILINARIUM.
1286 283 1328 342 27

143 458 317 535 licentiam,
332 457 513 542 eripiebant.
546 457 595 522 At
609 457 643 521 lsi
659 455 775 534 contri,
791 455 987 540 ignavissimi
1002 449 1157 528 homines,
1171 471 1228 536 per
1237 469 1327 516 sum·

144 547 364 624 mumscetus,
385 546 490 608 omnia
512 565 549 608 ca
564 543 657 607 sociis
679 544 828 617 adimere,
850 563 919 626 quae
933 539 1097 610 fortissimi
1117 539 1177 600 viri
1191 538 1328 602 victores

141 631 287 696 hostibus
307 631 513 714 reliquerant:
539 629 671 712 proinde
686 631 777 713 quasi
804 629 952 714 injuriam
975 625 1090 700 lacere,
1116 625 1151 688 id
1173 625 1329 688 suenum

142 731 230 780 esset
243 717 377 801 irnperio
392 715 447 780 uti.
474 719 485 756 ²
499 711 674 797 Numquid
686 737 723 778 ea
735 733 919 792 memorem,
930 734 1011 796 quae,
1025 712 1085 774 nisi
1096 710 1157 786 his,
1167 710 1222 790 qui
1235 708 1327 772 vina·

29 855 31 866 ,
142 823 192 879 re,
206 803 323 866 nemini
337 802 501 866 credibilia
510 816 602 874 sunt,
618 798 635 860 i
650 799 780 884 privatis
792 801 1005 884 compluribus
1017 797 1184 862 subversos
1194 807 1329 872 ¹montes,

29 947 31 956 .
138 885 433 960 mariabeonstran
442 885 534 949 csse?
551 885 678 960 Quibus
689 885 771 948 milti
780 885 918 949 ludibrio
928 885 1078 948 videntur
1087 881 1184 944 luisse
1197 880 1328 942 divitie.

29 975 30 978 ’
141 971 285 1058 Quippe,
301 993 380 1055 quas
395 967 524 1034 honesti
542 971 656 1035 habere
668 971 792 1048 licebat,
814 991 870 1055 per
879 971 1107 1052 turpitudinem
1116 969 1202 1032 abuti
1218 985 1330 1051 prope-

140 1061 264 1124 rabant.
299 1057 365 1120 Sed
380 1057 488 1119 lubido
503 1056 614 1140 stupri,
630 1069 746 1139 ganea,
761 1059 925 1140 caeoerique
939 1066 952 1094 ⁰
968 1057 1071 1120 cultim
1085 1075 1147 1117 nnn
1165 1054 1268 1116 minor
1283 1050 1331 1116 in·

141 1161 296 1213 cesserat.
314 1141 386 1205 Viri
399 1141 462 1225 pati
473 1141 655 1206 muliebria:
668 1141 816 1206 mulieres
826 1142 1013 1226 pudicitiam
1022 1143 1054 1204 in
1064 1141 1228 1223 propatulo
1237 1139 1332 1203 lrabe-

29 1295 31 1302 ,
139 1249 199 1292 re:
218 1228 366 1291 vescendi
381 1230 485 1300 causi,
499 1227 582 1290 terri
596 1227 738 1306 marique
750 1228 1061 1316 omninexquircret
1078 1227 1216 1288 dormire
1233 1224 1331 1307 prius,

139 1311 242 1396 quim
257 1313 360 1374 somni
374 1312 491 1394 cupido
501 1325 606 1373 esaetr
623 1331 685 1372 non
700 1309 831 1387 famem,
845 1327 900 1374 aut
913 1311 1012 1385 sitim,
1027 1331 1128 1392 neque
1144 1307 1255 1390 frigus,
1275 1331 1332 1374 ne·

139 1421 209 1482 que
220 1397 437 1462 lassitudinem
452 1395 590 1480 operiri;
606 1398 663 1460 sed
675 1417 712 1458 ea
723 1395 829 1459 omnia
840 1395 918 1458 luxu
934 1391 1005 1458 anti
1018 1413 1140 1480 capere.
1162 1390 1267 1458 dHuc
1278 1399 1333 1478 ju-

139 1499 317 1558 ventute-m,
343 1482 397 1557 ubi
412 1481 583 1546 familiares
598 1501 673 1564 opes
688 1479 879 1554 defecerant,
905 1481 946 1544 ad
959 1479 1100 1544 facinora
1116 1481 1333 1544 incendebant.

141 1568 285 1632 Animus
301 1569 440 1630 imbutus
454 1568 546 1631 malis
560 1567 690 1644 artibus,
705 1565 791 1630 haud
805 1564 896 1628 facile
913 1565 1109 1630 lubidinibus
1122 1565 1268 1630 carebat:
1293 1565 1332 1632 οὸ

29 1657 31 1676 ³
139 1653 308 1738 profusiirs
323 1654 469 1717 omnious
481 1651 585 1716 modis
600 1652 745 1735 quaestui,
759 1666 853 1734 atque
866 1654 1007 1736 sumptui
1023 1653 1152 1716 deditus
1168 1667 1246 1716 erat.

186 1741 251 1802 2111
265 1741 360 1816 tanti,
370 1755 498 1820 tamque
511 1740 655 1821 corrupta
666 1739 805 1812 civitate,
817 1737 964 1814 Catilina,
979 1739 1012 1802 id
1026 1740 1111 1821 quod
1125 1736 1211 1802 lactu
1223 1738 1333 1802 facilli·

140 1845 236 1889 mum
246 1821 705 1906 erat,0mniumliagitiosornm
714 1839 807 1904 atque
814 1822 1063 1888 facinorosorum
1073 1826 1192 1895 circum
1202 1840 1334 1900 ee‚tam·

142 1929 243 1996 quam
259 1909 457 1991 stipatorum,
478 1923 619 1971 catervas
633 1907 777 1971 habebat.
823 1908 909 1970 Nam
927 1909 1119 1990 quicumque
1142 1909 1336 1991 impudicus,

141 1997 280 2067 adulter,
293 2013 407 2076 ganeo,
422 2013 529 2072 manu,
540 2009 660 2070 ventre,
675 2013 766 2078 pene,
780 1991 973 2076 bonapatria
988 1993 1198 2056 laceraverat:
1215 1995 1335 2078 quique

143 2082 283 2144 alienum
298 2099 340 2141 aa
357 2081 473 2162 grande
496 2077 694 2154 conflaverat,
717 2080 806 2160 quo³
823 2077 991 2162 flagitium,
1013 2093 1068 2142 aut
1083 2075 1207 2142 facinus
1227 2081 1335 2142 eredi·

142 2180 265 2246 merctt
282 2180 442 2246 materna,
456 2183 567 2227 omncs
584 2165 724 2248 undique
740 2164 913 2246 parricidas,
929 2163 1087 2246 sacrilegi,
1101 2165 1238 2228 convicti
1246 2165 1335 2250 judl-

49 2314 52 2320 ,
143 2251 283 2327 ciis,aut
299 2249 463 2334 profantis
483 2248 643 2336 judicium
658 2251 824 2314 timentes:
848 2253 888 2313 ad
903 2250 977 2326 hoc,
998 2246 1078 2332 qnos
1095 2271 1217 2324 manus,
1240 2267 1337 2332 atque

143 2337 268 2420 lingua,
282 2335 434 2421 perjurio,
448 2351 480 2400 et
499 2336 653 2418 ‘sanguiue
669 2335 755 2398 civili
770 2335 893 2402 olebat:
916 2333 1089 2423 postremb,
1101 2356 1232 2411 omnes,
1254 2355 1335 2418 quoa

145 2422 314 2510 flagitium,
325 2418 630 2506 egestaa‚fconscius
638 2419 775 2498 animus,
782 2421 977 2506 exagitabat:
991 2421 1024 2482 bi
1036 2420 1177 2484 Catilinae
1187 2423 1336 2506 proximi,

568 2595 886 2670 ''ruraarnurnrro

189 2754 200 2788 ¹
217 2745 298 2814 Noni
313 2753 374 2836 qud
395 2751 434 2814 de
447 2752 543 2824 causti
565 2769 732 2814 narrarem
756 2760 859 2812 tersae
870 2759 900 2812 et
910 2751 1039 2832 agmina
1053 2749 1336 2836 omniumflagitio·

147 2857 195 2912 ea,
209 2857 276 2922 quer
292 2837 394 2900 nullus
434 2837 511 2900 sarit
524 2835 732 2910 crederemini
754 2855 860 2900 eorum
882 2847 970 2918 atque
982 2836 1245 2922 facinorosorum,
1269 2851 1337 2900 tan·

147 2924 202 3008 qui
217 2919 359 2984 viderit?
387 2851 511 2984 illoram
526 2921 648 2984 scilicet
661 2921 731 2982 stab·
755 2939 845 3006 qoam
863 2924 1047 3006 stipatorum
1070 2935 1101 2984 et
1117 2924 1283 2998 mariadura,
1304 2924 1341 2984 id

146 3027 253 3070 versos
269 3019 298 3068 et
312 3005 445 3070 sublatos
461 3004 483 3068 d
499 3007 639 3089 priuatis
653 3025 731 3068 cam·
755 3005 838 3090 quod
848 3005 1065 3090 eratsacillum
1071 3005 1165 3091 sactu
1181 3009 1215 3070 in
1230 3011 1336 3072 ciuita-

142 3091 678 3176 purihua,marioconstrotoeaseet
689 3109 731 3152 oe-
754 3101 785 3155 te
799 3092 884 3156 tonte
899 3105 929 3153 et
944 3105 1005 3154 tom
1018 3097 1175 3175 corrupti.

147 3093 287 3266 dijleota.
796 3177 808 3214 ³
823 3177 868 3241 Ut
870 3177 1045 3266 flagitium,
1056 3189 1110 3240 met
1115 3177 1247 3266 sncirrras
1260 3181 1336 3244 eloe·

189 3265 204 3344 Ξ
226 3259 620 3330 Catilinarabebarctrmm
632 3285 666 3326 se
680 3284 730 3326 co·
753 3275 810 3336 ret,

683 3393 800 3444 NOTAE.

180 3519 198 3553 a
210 3503 334 3566 Domum]
361 3503 391 3555 ld
403 3511 454 3564 est,
465 3507 539 3567 maeri
549 3487 674 3566 imper-lam
685 3520 732 3554 non
788 3515 804 3552 c
820 3502 926 3568 caitae]
951 3501 1000 3556 illc
1016 3503 1040 3555 in
1053 3504 1147 3555 malam
1157 3511 1256 3568 partem
1271 3506 1339 3558 acei-

147 3575 223 3626 olr'ter
232 3574 331 3635 insigne
342 3581 414 3630 essct,
430 3571 505 3634 quum
521 3571 655 3622 inminibus
670 3574 732 3622 male
756 3569 829 3634 pitnr
842 3585 891 3635 pro
903 3573 977 3624 rumis
997 3582 1021 3622 et
1034 3575 1130 3622 lareiem
1149 3575 1255 3636 carparis
1267 3589 1339 3624 euro-

142 3637 272 3700 suaienda‚
289 3641 371 3688 aaran
382 3655 409 3688 eo
421 3643 568 3688 emineret.
757 3641 828 3692 done.
838 3639 919 3686 autin
927 3641 990 3688 cutis
998 3641 1164 3700 indulgentia,
1173 3641 1338 3692 etblunditt'r's.

183 3704 201 3753 b
215 3703 372 3770 caminata]
387 3703 448 3758 Sive
460 3715 608 3764 mastrucae,
620 3707 667 3754 aut
679 3719 731 3753 cun·
789 3702 901 3766 dilen]
924 3706 1096 3768 Praeponera,
1106 3705 1219 3768 scilicet,
1232 3707 1339 3758 vivendi

148 3781 233 3822 tracto
242 3771 352 3836 legeris,
360 3769 453 3822 codem
468 3771 545 3822 modo
557 3773 731 3820 Romanorum
755 3771 930 3832 consuetudo,
943 3781 1077 3834 moresque
1090 3773 1254 3836 propudiosi.

148 3837 229 3902 luxus
242 3837 314 3888 circa
331 3835 440 3886 aedilicia
460 3837 485 3886 in
503 3839 569 3896 mari
586 3835 733 3900 extruenda
789 3837 978 3900 eRerdmeret]
1013 3837 1045 3888 Id
1065 3846 1114 3894 est,
1133 3837 1161 3889 air
1173 3859 1201 3891 ee
1212 3843 1339 3896 liberaret,

150 3911 286 3970 carpetur;
299 3904 355 3968 qua
365 3902 399 3954 de
409 3919 437 3954 re
444 3905 569 3956 Horatius
576 3919 684 3972 quoque
694 3905 733 3956 ita
756 3917 831 3970 atquc
842 3908 924 3956 dederi
929 3914 1024 3969 penum
1031 3905 1162 3970 &ageret
1172 3909 1215 3965 vel
1224 3906 1340 3972 pecuina

150 3977 313 4040 conquestus
325 3975 383 4020 est:
439 4017 443 4019 .
658 3995 660 4001 2
753 3971 861 4040 judices
873 3973 1073 4036 corrumpendo.
1086 3973 1127 4023 vel
1138 3989 1199 4026 curn
1211 3977 1243 4024 iis
1253 3972 1340 4038 quili-

185 4039 321 4088 contenere
328 4041 412 4102 pieres
419 4051 516 4100 equora
526 4041 641 4096 renuunt.
756 4049 812 4090 tem
824 4037 989 4090 intentabant
999 4040 1189 4105 transigietrdo.
1337 4043 1340 4048 '

185 4103 271 4154 Factis
282 4107 310 4155 in
321 4106 573 4166 momentaneae.
790 4105 805 4157 l
816 4107 951 4169 emanue]
970 4107 1103 4158 Scelerum
1117 4108 1207 4162 scilcet
1222 4106 1340 4155 conedae
1368 4117 1371 4124 ’

186 4169 226 4245 (lb
236 4169 359 4245 ingentes
372 4181 505 4238 sumptus,
520 4180 551 4223 et
559 4167 693 4237 profusam
705 4169 732 4220 ln
756 4172 826 4225 enim
835 4173 995 4244 qttnndoque
1004 4175 1032 4226 in
1043 4173 1136 4226 bonam
1146 4178 1247 4237 partem
1261 4173 1341 4224 sumi»

153 4233 627 4297 aediliciisetconvlctibusluxtuiam,
637 4237 732 4290 Lucul-
757 4249 810 4290 tur.

108 4357 112 4368 .
151 4302 195 4354 lus
205 4301 305 4356 Xerxes
314 4305 413 4372 amunta
424 4303 441 4360 d
452 4307 576 4374 Pompeio
584 4305 673 4364 dictus
681 4311 731 4358 eat.
