3034 5060
420 317 622 394 BELLUM
644 315 1020 404 JUGURTHINUM.
1252 327 1311 395 toa

133 498 155 536 ‘i
171 497 406 571 audacissimos,
420 493 533 558 forent.
579 495 724 579 Maiores
737 494 832 558 uestri
848 503 862 532 ²
872 491 998 576 {asmodi
1011 489 1106 576 juris,
1120 507 1151 556 et
1166 491 1311 576 majesta·

134 591 156 620 “
173 585 214 646 tis
230 583 459 654 constituenda,
470 579 588 663 gratiis
611 583 658 642 bis
672 601 727 663 pes
740 579 947 644 secessionem
964 579 1074 640 ernasti
1089 575 1311 642 bAventinum

136 674 157 706 ‘⁴
171 689 379 750 occupauere:
397 687 453 726 vos
469 687 525 746 pro
536 667 687 742 libertate,
700 685 793 750 quarn
804 668 845 728 ab
856 665 917 726 illis
928 664 1102 748 accepistis,
1114 685 1214 726 nonne
1225 683 1310 728 sum·

137 759 158 790 ‘⁸
175 755 221 814 mi
236 775 293 835 ope
309 749 600 832 strenuitasque
615 751 655 814 eti
672 749 901 826 vehementius,
912 771 975 831 quo
990 750 1091 832 majus
1103 749 1242 812 dedecus
1253 765 1313 826 est,

134 845 156 880 ‘⁸
171 853 256 920 parta
271 833 426 911 amittere,
442 833 537 914 quim
558 838 685 916 omnino
704 857 766 898 non
785 835 961 920 paravisse!
986 835 1081 897 Dicet
1095 835 1220 917 aliquis,
1234 837 1313 917 quid

132 931 153 960 ‘⁸
171 925 266 1005 igitur
280 921 409 986 censes?
427 921 660 985 Vindicandum
675 925 707 984 in
723 921 846 1003 eosqui
861 919 943 984 hosti
955 921 1121 1002 prodidere
1135 941 1237 1004 temp·
1250 941 1314 986 uon

131 1015 153 1046 “
169 1026 274 1087 manu,
289 1029 392 1089 neque
409 1005 462 1068 vit
473 1007 559 1088 quod
575 1002 677 1090 magis
690 1028 746 1070 vos
763 1005 885 1080 iecisse,
901 1001 995 1087 quim
1011 1007 1072 1068 illis
1087 1007 1251 1081 accidisse,
1265 1006 1313 1068 in·

131 1099 154 1136 ‘⁶
166 1094 300 1174 dignum
317 1107 383 1156 est:
409 1092 521 1156 verbm
536 1092 764 1174 questionibus,
777 1108 808 1154 et
823 1091 940 1157 indicio
953 1091 1052 1174 ipsius
1065 1093 1242 1174 Juguttbae,
1257 1091 1314 1174 qui
1334 1098 1339 1122 ³

132 1183 151 1216 ‘⁴
169 1179 195 1240 si
209 1182 223 1230 -¹
230 1177 396 1242 dedititius
411 1194 458 1238 eat
473 1177 614 1259 profeetb
626 1178 724 1260 jussis
738 1178 850 1239 vestris
865 1176 1016 1238 obediens
1028 1179 1106 1240 erit:
1124 1178 1172 1240 sin
1187 1199 1223 1238 ea
1239 1199 1312 1240 con·

131 1270 152 1302 ⁴*
169 1264 293 1334 temnit,
306 1261 435 1338 scilicet,
448 1262 653 1336 aestimabitis,
666 1263 768 1342 qualis
781 1262 832 1324 illa
846 1283 918 1342 pax,
931 1278 984 1324 aut
999 1261 1120 1326 deditio
1135 1263 1186 1337 sit,
1198 1285 1237 1326 ex
1253 1265 1314 1345 qui

130 1355 152 1387 ‘⁶
166 1347 209 1410 'ad
224 1347 416 1429 ,J'ugurtbam
437 1349 589 1411 scelerum
611 1346 791 1428 impunitas,
805 1345 847 1408 ad
869 1367 984 1430 paucos
1006 1362 1147 1428 potentes
1169 1350 1315 1411 maxima

129 1441 151 1472 “
171 1435 299 1509 divitia,
315 1433 369 1494 cin
384 1434 538 1514 rempubl.
554 1433 678 1507 damna,
692 1447 785 1513 atque
799 1432 968 1506 dedecora,
984 1432 1192 1514 pertemrint.
1238 1433 1314 1495 Nisi

124 1525 153 1558 ·“
170 1517 251 1580 lorti
275 1519 412 1583 nondum
435 1519 529 1580 etiam
552 1539 608 1579 vos
631 1517 853 1580 dominationis
880 1537 990 1580 eorum
1017 1518 1145 1580 satietas
1168 1532 1263 1594 tenet,
1283 1531 1315 1581 et
1374 1543 1379 1550 ·

131 1601 256 1678 “,dilla
273 1599 365 1685 quim
389 1604 475 1664 eltaec
490 1597 760 1683 temperamentis
776 1603 909 1684 placent,
924 1602 998 1669 ciant
1014 1625 1122 1684 regns,
1136 1604 1316 1686 provinciae,

131 1696 152 1732 ‘⁶
163 1684 263 1770 leges,
274 1689 360 1772 jura,
369 1688 503 1772 judicia,
517 1689 597 1766 belia
612 1705 705 1770 atque
721 1709 824 1772 paces,
840 1688 1000 1770 postremi]
1013 1689 1119 1751 divina
1132 1705 1163 1752 et
1178 1689 1316 1752 humana

121 1781 152 1833 ,“
168 1775 274 1836 omnia
295 1771 391 1856 penis
408 1793 527 1854 paucos
548 1790 653 1834 erant:
677 1795 733 1836 vos
753 1791 869 1850 autem,
885 1771 944 1836 hoc
963 1790 1021 1848 est,
1038 1773 1075 1836 P.
1093 1773 1133 1836 li.
1151 1775 1258 1838 invicti
1275 1778 1314 1836 ab

131 1866 152 1896 “
170 1859 322 1936 hostibus,
334 1860 536 1938 imperatores
555 1859 697 1920 omnium
711 1860 871 1939 gentium,
885 1855 962 1920 satis
976 1861 1136 1922 habebatis
1158 1862 1315 1928 unimam

128 1950 154 1997 .“
170 1943 314 2006 retinere.
359 1943 446 2008 Nam
468 1941 651 2005 servitutem
672 1943 802 2022 quidem
823 1941 894 2023 quis
910 1947 1050 2007 vestrim
1072 1945 1205 2006 audebat
1224 1967 1316 2008 recu·

133 2037 155 2066 ‘⁶
172 2028 261 2091 sare?
275 2028 395 2109 *Atque
409 2048 469 2110 ego
485 2027 609 2090 tametsi
625 2027 693 2088 viro
706 2025 719 2066 t
727 2027 1006 2109 flagitiosissimum
1023 2027 1171 2110 existimo
1186 2029 1314 2112 imponi

131 2122 152 2150 “
169 2113 315 2196 injuriant
330 2114 484 2196 accepisse
497 2136 505 2184 t
519 2127 702 2186 tamennon
717 2113 897 2177 hominibus
909 2113 1158 2176 sceleratissimis
1175 2115 1316 2196 ignosce-

131 2206 152 2235 “
169 2219 214 2278 re,
230 2199 381 2280 quoniam
400 2200 485 2262 cives
508 2213 590 2274 sunt,
605 2217 694 2278 aequo
713 2199 819 2260 animo
841 2213 975 2280 paterer,
990 2201 1021 2262 ni
1046 2198 1262 2262 misericordia
1285 2203 1318 2264 in

120 2291 155 2335 Α*
173 2284 341 2368 peruiciosa
364 2305 474 2346 casura
494 2299 588 2346 esset.
634 2283 720 2348 Nam
742 2300 774 2344 et
796 2283 869 2360 illis,
890 2301 1041 2366 quantum
1071 2285 1317 2368 importunitatis

132 2376 153 2408 ‘⁴
169 2369 302 2448 babent,
316 2369 448 2452 ³parum
470 2381 529 2445 est,
551 2365 679 2450 impune
701 2370 781 2431 male
804 2367 935 2433 fecisset
962 2370 1022 2432 nisi
1043 2369 1158 2434 deinde
1180 2369 1317 2436 lacieadi

576 2491 874 2548 lnTERPRETATlo.

162 2604 185 2647 ‘³¹
201 2609 276 2697 ἔξω,
285 2609 314 2672 si
326 2603 433 2672 reuera
443 2599 623 2672 deditionem
622 2583 716 2694 ficit,
778 2609 882 2670 ³Nom
897 2622 927 2672 et
942 2609 1178 2698 illaqueatam
1193 2632 1250 2672 sno
1261 2613 1317 2673 im·

131 2706 205 2758 etse
213 2697 324 2778 populo
337 2695 474 2758 Romane
491 2693 630 2770 tradidit,
639 2705 714 2777 pro·
731 2691 920 2777 portunitas,
929 2709 989 2778 pro
1006 2699 1100 2760 tzitta
1115 2697 1227 2760 ducunt
1241 2695 1322 2784 qaid
1422 2705 1429 2718 '

121 2777 306 2866 festinabis
322 2779 545 2864 obtemperabit.
737 2783 884 2842 hactenus
906 2783 1030 2864 insputari
1051 2781 1264 2868 deliquerunt;
1286 2797 1319 2854 et

173 2869 186 2902 ²
208 2865 262 2928 Vos
280 2879 392 2938 autern,
407 2864 476 2928 ciam
496 2863 602 2928 essetis
618 2865 714 2948 Impe-
736 2863 883 2948 deinceps
910 2865 1010 2929 multb
1036 2869 1125 2947 plura
1154 2871 1318 2950 patrabant

131 2963 252 3014 ratores
270 2953 400 3012 animam
417 2953 570 3033 gentium,
584 2954 714 3015 contenti
736 2951 798 3012 nisi
821 2953 882 3013 illia
905 2952 1111 3035 recalefacieudi
1135 2953 1260 3016 licerttt'o
1283 2955 1318 3014 in

131 3037 228 3098 cratis
244 3035 357 3098 vivere.
732 3049 888 3120 posterum
903 3039 1047 3124 cripitur.

659 3173 773 3250 NQTAE.

107 3287 110 3296 ⁴
159 3296 180 3332 a
192 3279 327 3343 Parandi]
344 3281 382 3328 Ut
399 3279 516 3332 tribunos
534 3299 595 3339 snos
612 3283 712 3338 obtine·
734 3281 771 3332 illi
787 3281 938 3347 reipublice
950 3281 1125 3338 occidendum
1141 3298 1212 3341 esse,
1224 3283 1249 3336 iu
1262 3279 1318 3352 qui

129 3349 254 3409 relinqui
266 3353 432 3398 sacrosancta
446 3349 495 3396 sua
511 3358 642 3412 potestate
658 3351 713 3414 ple·
733 3351 836 3411 privata
848 3349 967 3400 vindicta
982 3353 1118 3402 toleratur.
1152 3353 1187 3402 rit
1199 3349 1262 3402 tero
1275 3365 1320 3401 tte·

129 3415 189 3464 bem
201 3413 373 3466 defenderent
383 3423 412 3464 et
421 3423 569 3467 tuerentur.
734 3431 786 3480 que
796 3415 870 3466 illam
882 3425 975 3468 auctor
987 3419 1088 3472 suadet.
1115 3419 1218 3481 &opus
1228 3415 1319 3466 cstdi·

137 3515 141 3528 ,.
151 3481 181 3530 ,b
193 3477 365 3544 destitissem]
376 3482 431 3532 Alii
443 3483 601 3546 Capitolium
612 3483 712 3534 dieunt¹
734 3498 803 3544 cere,
812 3499 858 3532 eos
869 3485 965 3548 quibus
974 3500 1108 3550 pastuum
1118 3482 1319 3548 itt-agendarum

163 3549 224 3597 cla
241 3547 366 3610 rampant]
389 3549 510 3603 Omnino,
525 3565 584 3600 nam
603 3565 712 3616 regnum
735 3557 852 3612 potestas
864 3551 924 3600 dats
936 3563 986 3610 est,
998 3549 1206 3618 flagitiosissime
1220 3548 1319 3610 littere,

128 3615 202 3680 quod
214 3615 361 3664 Masinissae
371 3617 480 3666 Romani
492 3617 661 3668 tradiderunt
669 3633 714 3668 ett-
735 3613 795 3666 crint
814 3618 910 3682 grstia,
931 3617 1067 3677 sommia,
1085 3626 1131 3666 aut
1149 3617 1242 3681 quitis
1262 3615 1319 3671 alta

129 3681 223 3732 tinctis
236 3679 294 3746 ejus
308 3681 434 3747 legitimis
446 3683 601 3744 baredibss,
608 3685 669 3750 jure
679 3685 712 3736 ad
733 3684 948 3743 castanasium
966 3683 1080 3748 aliquem
1100 3683 1259 3748 impunitum
1278 3691 1319 3738 ‘re-

127 3748 199 3812 ipsos
218 3747 332 3806 redibat,
351 3749 516 3814 sequereris
536 3753 668 3804 sociorum
686 3762 713 3802 et
736 3749 864 3814 linquunt.
893 3747 1036 3800 Verissimi
1049 3758 1077 3801 et
1088 3749 1197 3816 optinui,
1209 3751 1232 3803 si
1244 3755 1319 3820 quic·
1351 3755 1353 3758 ’

120 3817 273 3868 ‘anticorum
284 3813 392 3879 injurias
404 3817 459 3866 sine
472 3818 630 3869 indedecore
644 3818 713 3868 ultas
734 3832 812 3882 quant
831 3817 920 3866 aliudt
940 3817 1101 3882 ignoscendo
1120 3820 1188 3871 enirn
1206 3821 1243 3870 sit
1262 3827 1319 3870 tan-

128 3881 279 3946 relinquere
292 3891 423 3944 poterant.
470 3915 472 3918 >
732 3883 805 3942 dem,
817 3891 846 3934 ut
857 3886 902 3948 qui
912 3885 1020 3948 pessimi
1032 3896 1094 3936 sunt
1105 3885 1222 3938 incautos
1232 3887 1265 3936 tle
1276 3899 1319 3936 so-

122 3968 125 3974 ·
162 3947 638 4012 cruca]Quibusposturasehosum
648 3965 715 4003 mor·
735 3949 770 4000 lio
783 3949 936 4012 deturbent,
952 3951 1049 4002 deinde
1066 3967 1132 4018 quos
1148 3953 1216 4004 viros
1235 3953 1317 4008 bonos

130 4021 197 4073 tetnr
206 4016 327 4080 oppressi
338 4015 434 4064 fuistis.
735 4016 832 4078 sciunt,
845 4017 946 4080 prades
958 4028 986 4068 et
998 4018 1116 4070 victimas
1134 4036 1196 4070 suas
1211 4011 1330 4085 iaciant..

163 4095 179 4128 e
191 4081 263 4144 Hae]
282 4083 395 4139 Quibus,
410 4081 456 4147 jus
467 4091 585 4156 restrum
598 4084 713 4148 potestis
734 4083 1037 4148 Ststpublieuntbonum
1046 4085 1150 4152 legibus
1159 4109 1165 4141 s
1175 4087 1250 4150 leges
1260 4093 1317 4136 tue·

131 4153 161 4194 et
174 4155 326 4198 asserereet
338 4148 479 4199 vindicare.
735 4159 779 4199 tut·
796 4151 938 4207 serenicurt
955 4165 1039 4218 neque
1053 4154 1121 4205 inter
1138 4154 1267 4210 homines,
1279 4152 1317 4202 im
1417 4151 1418 4156 ’

123 4245 127 4250 ·
164 4210 431 4278 salagassaenae]
445 4215 536 4276 Nobis,
550 4216 599 4266 sub
615 4205 713 4268 Christi
734 4215 798 4280 epta
811 4218 856 4268 illa
868 4215 1095 4285 facilitatequnn
1109 4223 1243 4269 ostentant
1255 4233 1318 4270 ttott,

129 4273 714 4354 disciplinisinstitutis,nefasestacceptatiss-
734 4283 799 4338 uulli
824 4299 912 4334 terum
938 4285 1104 4347 publicarum
1127 4281 1316 4348 moderatissima,

126 4360 213 4412 Jurtas
231 4347 336 4406 ulcisci,
354 4347 408 4404 imo
424 4351 542 4404 ostcttdit
556 4358 631 4404 recta
645 4349 720 4404 ratio*
733 4350 818 4422 atejus
832 4350 993 4422 estnalum,
1040 4359 1064 4408 ὃ
1098 4371 1102 4379 ··
1173 4393 1177 4408 .

636 4426 653 4448 “
912 4439 932 4478 o
