3034 5060
202 341 261 402 158
665 327 916 402 SALLUSTII

199 503 554 576 doetissimiteruditus3
570 502 675 568 animo
690 505 807 587 ingenti
821 531 829 578 ;
844 504 1196 588 cupidusvoluptatum,
1207 505 1265 570 sed
1281 507 1387 594 gloriae

200 593 359 678 cupidior:
376 592 441 656 otio
456 591 617 658 luxurioso
631 611 716 652 esse:
732 605 837 654 tamen
852 593 890 654 ab
904 591 1039 673 negotiis
1055 613 1226 672 numquam
1242 597 1387 676 voluptas

198 693 365 754 remorata,
380 679 440 740 nisi
455 675 544 758 qudd
566 677 628 738 ²de
643 697 740 738 uxore
760 677 863 758 potuit
877 676 1040 740 honestius
1056 678 1196 739 consuli:
1220 677 1388 758 facundus,

185 765 341 841 ,callidum
356 779 388 826 et
402 761 562 826 '’amicitiit
576 762 694 825 facilis:
711 763 775 824 ‘ad
790 763 965 826 simulanda
976 765 1101 844 negotia
1117 763 1250 825 altitudo
1266 766 1388 848 ingenii

196 849 407 915 incredibilis:
429 850 599 912 multarum
617 869 735 920 rerum,
749 867 785 910 ac
805 845 944 914 maxime
961 849 1099 931 pecuniae
1119 849 1266 932 largitor:
1291 869 1387 934 atque

198 939 244 1002 illi
264 937 446 1000 felicissimo
468 935 610 998 omnium
630 951 699 996 ante
720 932 870 997 “civilem
895 935 1072 1008 victoriam,
1091 956 1249 1016 nunquam
1274 939 1392 1020 isuper

158 1033 160 1041 '
196 1024 382 1086 industriam
399 1019 614 1094 fortuna'luit3
630 1019 783 1102 multique
799 1021 995 1096 dubitavere,
1010 1019 1132 1093 sortior,
1149 1043 1187 1082 an
1202 1019 1325 1084 felicior
1336 1045 1385 1084 es·

196 1123 256 1172 sot.
302 1109 401 1184 Nam,
414 1103 521 1190 posted
537 1128 605 1190 quae
620 1105 741 1180 fecerit,
757 1107 910 1170 incertum
927 1108 1036 1180 habeo,
1058 1107 1199 1188 epudeat
1218 1105 1331 1189 magis,
1346 1131 1388 1193 an

196 1195 303 1278 pigeat
318 1195 483 1258 disserere.
528 1193 632 1276 Igitur
655 1191 751 1267 Sulla,
764 1190 811 1254 uti
831 1189 924 1274 sopri
944 1193 1064 1255 dictum
1087 1208 1146 1270 est,
1165 1198 1327 1274 postquam
1350 1194 1387 1258 io

197 1279 355 1356 Africam,
370 1295 462 1362 atquc
480 1281 510 1341 in
526 1294 627 1344 castra
647 1278 746 1339 Marii
764 1291 839 1340 'cum
857 1278 996 1360 equitatu
1013 1279 1117 1350 venit;
1140 1277 1229 1340 rudis
1246 1275 1335 1339 antei
1351 1295 1385 1343 et

196 1366 323 1448 ignarus
342 1366 427 1439 belli,
444 1366 665 1432 solertissimus
686 1365 827 1426 omniurn
848 1363 880 1426 in
902 1363 1010 1446 paucis
1032 1365 1268 1446 tempestatibus
1284 1363 1386 1428 lactus

195 1469 254 1516 est.
294 1452 350 1514 Ad
366 1453 425 1514 hoc
437 1451 552 1514 milites
567 1445 701 1532 benigne
713 1451 883 1533 appellare:
899 1450 1005 1514 multis
1021 1451 1210 1530 rogantibus,
1227 1447 1316 1523 fallis
1329 1473 1385 1532 pet

195 1560 230 1601 se
247 1541 313 1622 ipse
329 1539 416 1614 dare,
431 1536 580 1600 beneficia
597 1537 714 1598 invitus
733 1535 894 1617 accipere3
918 1535 975 1596 sed
993 1555 1029 1597 ea
1044 1533 1272 1618 properantius,
1287 1533 1390 1618 quim

109 1631 110 1636 ’
195 1645 238 1686 aes
254 1640 398 1686 mutuum
414 1622 584 1684 &reddere
622 1618 720 1702 ¹¹Ipse
736 1621 775 1682 ab
790 1622 875 1682 nullo
890 1634 1049 1702 repetere:
1067 1617 1166 1702 magis
1181 1621 1214 1682 id
1229 1620 1386 1700 laborare,-

194 1707 232 1771 tit
240 1707 285 1770 illi
297 1704 392 1789 quim
401 1707 527 1790 plurimi
538 1707 687 1770 deberent
697 1732 705 1780 ;
717 1705 790 1790 joca
802 1721 895 1788 atque
905 1709 986 1768 seria
997 1727 1068 1768 cum
1082 1701 1261 1768 humillimis
1272 1729 1392 1788 agere..-

197 1796 237 1858 In
248 1795 405 1876 operibus,
421 1794 453 1854 in
465 1793 602 1874 agmine,
617 1807 710 1874 atque
722 1793 762 1854 ad
772 1792 906 1872 vigillas,
916 1792 1035 1854 multus
1045 1793 1153 1854 adesse
1164 1815 1173 1853 t
1186 1813 1288 1872 neque
1302 1794 1385 1854 inte·

194 1881 268 1957 rim,
282 1881 367 1962 quod
382 1877 529 1940 iambitio
541 1897 637 1957 prava
652 1879 741 1954 solet,
751 1877 897 1952 consulis,
911 1892 964 1940 aut
980 1877 1165 1960 cujusquam
1177 1877 1254 1938 boni
1266 1875 1386 1942 famam

193 1966 323 2032 laede'rer
350 1964 568 2030 tantummodo
593 1985 695 2046 neque
719 1963 861 2043 consilio,
881 1984 987 2046 neque
1006 1983 1112 2041 manu,
1129 1963 1267 2047 priorem
1286 1963 1383 2028 alium

626 2235 628 2240 .
640 2180 938 2230 INTERPRETATIO.

128 2361 129 2366 ἵ
199 2437 201 2440 .
236 2381 247 2416 ¹
264 2379 364 2464 Atque
373 2378 509 2461 fortuna
523 2399 679 2464 nunquam
690 2375 763 2463 suit
776 2379 822 2440 illi
838 2377 1120 2462 majprlindmtrio,
1135 2397 1309 2464 quanquam
1324 2400 1387 2444 om·

193 2465 278 2530 nium
288 2465 494 2552 felicissimus
505 2464 614 2552 suerit
628 2479 699 2530 ante
713 2466 874 2530 victoriam
889 2465 1018 2529 ciuilem.

723 2681 838 2731 Nom

227 2871 244 2904 a
256 2855 298 2904 De
315 2852 412 2914 errore]
435 2851 510 2904 Istud
526 2848 595 2902 forti:
613 2849 680 2900 adeo
698 2849 779 2913 dixit,
799 2867 877 2920 quam
890 2853 970 2918 Sylla,
982 2858 1087 2904 mortuo
1101 2851 1196 2910 Mario,
1209 2867 1299 2903 rerum
1316 2853 1388 2919 potiss

192 2921 266 2988 quod
282 2920 410 2970 Valeriam
428 2920 454 2970 in
469 2919 574 2979 theatro
587 2915 686 2968 laseivd
700 2919 778 2968 nimis
798 2929 843 2970 tus
854 2929 905 2980 est,
916 2924 1024 2972 Romam
1036 2927 1065 2978 et
1075 2920 1187 2979 ltaliam,
1196 2921 1319 2970 omnibus
1332 2937 1388 2972 mo·

192 2987 372 3052 blandientem
391 2987 442 3037 sibi
459 3001 570 3036 uxorem
590 2985 675 3036 duxit.
708 2986 776 3036 Vide
792 2987 850 3048 dis,
862 2987 959 3037 civium
974 2987 1101 3052 sanguine
1113 2987 1267 3044 cruentavit.

192 3055 372 3106 Plutarchum.
830 3069 846 3102 e
858 3053 983 3117 Pudeat]
999 3055 1030 3102 ld
1043 3061 1094 3114 est,
1108 3055 1258 3117 Respublica
1272 3053 1385 3118 perimaris

227 3122 243 3170 b
257 3117 490 3190 Amicitidsoeilt'r]
505 3119 536 3170 ld
549 3126 600 3179 est,
610 3121 653 3183 ptri
662 3121 709 3168 etti
717 3121 777 3170 alio·
797 3123 833 3169 od
841 3125 943 3176 exitium
952 3121 1230 3186 perdoctofirerit‚·nmt
1239 3133 1320 3172 tomen
1330 3127 1386 3186 ejus

192 3205 247 3238 rum
264 3191 451 3238 benevolentiam
461 3186 543 3250 facili
561 3188 714 3241 severitatet,
732 3189 777 3234 eis·
797 3193 874 3252 major
880 3187 936 3252 filit
947 3191 1039 3246 cloden,
1052 3188 1127 3250 qudm
1141 3191 1212 3252 Syrte
1224 3192 1349 3238 vecordia.

192 3273 242 3318 que
253 3256 382 3316 benignum
392 3271 443 3303 sese
455 3248 517 3317 pori
528 3255 634 3302 lubentio
647 3255 776 3315 prebebat.
830 3251 844 3302 ι’
851 3252 1111 3320 Allie.]lstud,qudd
1121 3271 1151 3304 su
1171 3251 1202 3304 τὲ
1210 3253 1386 3320 dixit,expli-

192 3321 262 3371 Gall.
274 3323 297 3370 rt
307 3325 386 3369 eoaot't
394 3337 496 3386 gogrter
507 3324 529 3368 le
543 3336 606 3368 caeur
617 3323 659 3369 det
668 3331 740 3384 pens,
753 3331 776 3370 et
797 3323 849 3380 cat,
863 3321 960 3386 Syllam
972 3322 1092 3370 amicitia
1104 3271 1207 3372 facilem
1219 3320 1312 3371 fuisse.

191 3391 415 3450 recommunipuolt
428 3385 578 3454 sutilement.
830 3388 995 3450 gRecldere]
1020 3387 1124 3446 Qttantd
1142 3388 1225 3453 pluris
1237 3386 1385 3448 est'homo,
1466 3427 1471 3431 .

223 3457 296 3508 cata
306 3458 445 3504 simulando
453 3449 576 3516 negotio]
589 3451 653 3502 Viro
665 3452 775 3518 politico
795 3452 875 3518 qudm
901 3456 1023 3519 pecunie,
1047 3452 1122 3505 tantd
1150 3451 1299 3506 accuratius
1323 3453 1385 3522 ejus

191 3539 300 3575 neeesse
312 3529 355 3572 est
372 3523 398 3570 in
413 3521 518 3587 primis,
530 3521 647 3584 negotiis
664 3535 722 3570 eam
732 3519 775 3569 ¹la·
796 3536 883 3584 opera,
897 3522 991 3588 gratia,
1004 3531 1048 3571 aut
1059 3521 1186 3584 amicitia,
1196 3537 1258 3572 cum
1272 3519 1386 3588 amplifi·

149 3607 152 3614 ’
190 3591 259 3640 ciem
271 3588 396 3651 effingere
408 3605 496 3654 posse,
508 3590 563 3653 qual
575 3587 738 3640 voluntatem
751 3603 775 3635 a·
795 3589 897 3648 catione
913 3589 1114 3652 compensanda.

190 3655 288 3706 liorum
297 3656 421 3716 inflectet,
430 3663 459 3707 et
468 3655 503 3704 ad
511 3667 704 3718 scopumsuum
715 3669 773 3718 per-
828 3653 846 3702 h
859 3655 915 3720 iore
924 3657 956 3704 ab
964 3655 1047 3718 tulin]
1061 3655 1120 3704 Nisi
1130 3655 1204 3708 istud
1214 3655 1295 3716 adsit,
1306 3655 1387 3706 bene-

191 3721 279 3772 ducat.
292 3723 352 3772 Vim
361 3737 418 3772 eam
426 3723 503 3788 syllae
512 3724 624 3770 innatam
634 3720 715 3769 fuisse
724 3727 775 3770 tes·
796 3718 884 3770 ficium
893 3737 944 3770 non
954 3725 1006 3782 est,
1016 3723 1065 3772 sed
1075 3722 1290 3772 mercimonium:
1302 3737 1388 3788 quan·

191 3795 266 3838 tatur
279 3789 385 3838 Sallust.
403 3790 471 3838 Gall.
489 3790 649 3846 diceremus,
661 3789 686 3836 Il
696 3791 776 3836 ravair
795 3789 893 3836 tumvis
904 3787 975 3838 enim
994 3789 1091 3856 ingrati
1105 3789 1184 3840 animi
1195 3789 1289 3839 vitium
1306 3789 1389 3838 intol-

192 3859 285 3906 donner
297 3869 351 3903 aux
364 3847 478 3908 elotes'te
491 3868 546 3906 tour
557 3856 619 3918 qu'e'l
629 3857 729 3912 vovirit,
742 3857 774 3902 les
794 3854 895 3904 erabile
916 3853 1008 3916 fuerit,
1026 3853 1199 3906 nihilominus
1222 3865 1309 3908 tamen
1325 3855 1386 3920 qui

190 3925 344 3988 representes
355 3939 410 3970 sorte
421 3923 540 3986 tellefcce
551 3923 614 3984 quill
624 3923 660 3969 lui
668 3923 774 3983 phetavit.
797 3920 937 3981 benefacit,
946 3923 1013 3987 quid
1026 3913 1124 3972 manus*
1130 3923 1226 3974 dextra
1240 3929 1310 3990 agat,
1322 3938 1388 3972 nes·

190 3990 251 4048 Vel,
263 3990 284 4036 si
296 4001 352 4036 eam
366 3999 443 4052 putes
457 3991 611 4040 accersitam
621 3987 775 4050 explicatio·
797 3989 849 4040 cire
859 3986 939 4038 de'bet
951 3990 1068 4048 sinistra,
1081 3998 1110 4040 ut
1122 3986 1316 4054 sapientissime
1327 4004 1388 4038 mo-

158 4066 160 4072 ·
189 4071 260 4115 nem,
271 4054 399 4120 intellige,
409 4055 507 4120 Syllam
518 4056 623 4120 ingenio
629 4054 711 4104 fuisse
720 4059 774 4102 tam
795 4055 855 4104 nuit
867 4057 922 4120 ipse
936 4055 1058 4107 Christus
1070 4059 1158 4116 iesus,
1170 4071 1202 4106 ue
1214 4053 1305 4106 verius
1320 4057 1389 4106 ami·

189 4125 255 4182 acri,
273 4129 380 4186 tamque
397 4131 560 4186 expromtam
579 4121 705 4172 habuisse
723 4135 774 4170 me·
796 4121 835 4172 cis
853 4137 918 4172 onus
937 4123 1111 4188 imponamus,
1122 4119 1203 4189 quim
1221 4121 1385 4174 beneficium

189 4190 309 4250 moriam,
325 4196 355 4238 ut
371 4193 452 4254 gestu
469 4197 497 4236 et
513 4187 615 4248 habitu,
632 4195 679 4238 aut
696 4187 775 4237 collo·
787 4189 964 4239 collocemus.
1130 4223 1139 4248 2

190 4257 253 4320 quio
265 4264 293 4306 et
308 4269 462 4322 congressu,
475 4255 662 4320 quodcumque
681 4253 773 4303 libuis·
828 4256 836 4305 i
848 4259 954 4306 Ambitio
962 4257 1064 4320 prono]
1083 4259 1152 4308 Nam
1167 4255 1235 4309 bona
1245 4263 1290 4307 est
1300 4256 1386 4310 etiam

190 4321 565 4386 sethnninibuspersnadere
582 4322 705 4386 potuerit.
796 4319 855 4372 otim
880 4325 940 4388 quis
966 4327 1022 4372 sine
1051 4321 1193 4392 cttJ'usdam
1216 4324 1384 4378 detrimento

221 4387 242 4438 d
258 4387 380 4456 Civilem]
404 4388 480 4446 lstud
497 4388 611 4450 addidit,
624 4389 689 4456 quia
701 4393 774 4455 post·
796 4389 961 4452 honestumne
973 4389 1074 4446 studet.
