3070 5034
176 283 216 337 ss
508 245 524 283 ²
634 263 883 336 sannnsru

175 449 196 482 ‘⁶
211 464 279 528 qua
292 441 418 518 dixerit,
432 447 445 480 ²
457 442 560 506 studio
570 442 745 524 reipublicae
754 443 1002 526 dixissesneque
1011 440 1100 504 illum
1110 439 1141 503 i'n
1152 442 1236 506 tanti
1243 461 1278 504 rc
1289 462 1358 524 gra·
1376 513 1379 516 ,

174 538 197 573 ⁶⁶
212 533 301 606 tium,
317 545 370 590 aut
390 528 566 590 inimicitias
588 549 745 590 exercere.
779 527 864 590 ¹Eos
887 551 1001 602 mores,
1016 549 1148 607 eamque
1174 527 1363 593 modestiam

175 623 197 654 ‘⁶
214 618 273 678 viri
290 615 432 697 cognovi.
456 611 579 675 Verum
594 616 745 676 sententia
757 615 824 698 ejus
839 615 915 675 mibi
932 636 992 675 non
1010 611 1156 688 crudelis,
1169 611 1261 694 (quid
1278 612 1365 674 enim

175 705 197 738 ⁶⁶
215 703 246 764 in
262 703 338 763 tales
355 699 494 761 homines
510 699 635 760 crudele
649 699 715 760 fieri
729 697 864 782 potesti)
878 701 933 762 sed
950 697 1075 760 baliena
1089 693 1107 756 i
1122 699 1279 778 republicis
1291 719 1365 760 nos·¹

175 793 198 824 ⁶⁶
214 787 404 850 trividetur.
444 784 528 846 Nam
546 779 686 866 prolectd
703 799 756 846 aut
770 799 883 860 metus,
898 800 952 846 aut
967 783 1082 866 injuria
1100 797 1131 844 te
1148 784 1283 866 subegit,
1313 779 1365 844 Si-

176 878 197 908 ⁶⁶
212 873 294 946 lane,
310 869 470 931 consulem
491 869 700 950 designatum,
721 891 819 952 genus
834 891 925 952 poenae
945 889 1060 932 norum
1081 869 1260 960 decernere.
1307 869 1361 930 De

176 963 198 994 ‘⁶
214 957 338 1030 timore,
350 974 611 1034 supervacaneum
629 967 676 1017 est
692 956 857 1031 disserere,
867 955 955 1029 etim,
968 955 1109 1038 praesenti
1127 954 1287 1036 diligentiri
1301 955 1364 1016 cla·

176 1047 199 1080 ⁶⁶
214 1041 329 1102 tissimi
343 1041 403 1100 viri
419 1041 565 1114 consulis,
574 1055 659 1101 tanta
674 1040 887 1124 praesidiasint
902 1041 957 1103 cin
969 1039 1074 1124 armis·
1097 1035 1173 1099 ‘De‘
1187 1042 1279 1120 poenit,
1292 1056 1364 1122 pos-

178 1133 199 1164 ⁶⁶
215 1147 286 1189 sum
307 1125 456 1208 equidem
475 1126 579 1188 dicere
595 1125 629 1187 id
649 1127 736 1207 quod
752 1148 803 1187 res
823 1125 932 1198 haben
956 1126 987 1187 in
1002 1125 1100 1199 luctu,
1116 1139 1209 1206 atque
1226 1125 1365 1187 miseriis

176 1215 199 1250 ⁶⁶
214 1226 351 1274 mortem
368 1230 575 1272 aerumnarum
598 1213 751 1293 requiem,
766 1232 828 1272 non
850 1212 1034 1284 cruciatum,
1056 1229 1144 1282 esse;
1168 1231 1236 1271 eam
1253 1225 1363 1272 cuncta

179 1302 199 1334 ‘⁶
216 1298 393 1358 mortalium
415 1296 497 1357 mala
512 1297 704 1368 dissolvere;
727 1297 827 1358 ‘ultra
842 1317 944 1380 neque
962 1316 1053 1369 curae,
1069 1316 1170 1376 neque
1185 1296 1301 1378 gaudio
1317 1295 1362 1356 lo-

178 1387 200 1418 ⁶⁶
215 1403 287 1444 cum
305 1404 384 1442 esse·
428 1381 503 1456 Sed,
514 1402 570 1462 per
580 1383 674 1442 ‘Deos
691 1382 895 1456 immortales,
910 1382 1113 1462 quamobrem
1129 1381 1160 1440 iu
1176 1381 1365 1442 sententiam

177 1473 200 1504 “
216 1489 276 1528 non
292 1465 454 1541 addidisti,
468 1468 513 1526 uti
535 1465 624 1547 pride
641 1467 821 1528 verberibus
837 1469 869 1527 in
886 1489 939 1528 eos
956 1465 1275 1528 animadverteretur?
1300 1464 1367 1544 An,

179 1555 202 1588 ‘⁶
216 1553 290 1633 quia·
304 1553 358 1611 lex
372 1551 483 1611 Porcia
492 1549 597 1612 vetat?
615 1553 662 1612 At
671 1550 737 1611 aliae
749 1552 835 1632 leges
847 1551 922 1612 item
934 1551 1146 1612 condemnatis
1159 1550 1291 1628 civibus,
1303 1571 1368 1612 non
1401 1619 1404 1624 ,

181 1643 202 1673 “
218 1638 353 1698 animam
370 1635 459 1720 eripi,
471 1635 527 1696 sed
543 1633 686 1696 exsilium
705 1636 843 1716 permitti
854 1635 978 1718 jubent.
1016 1636 1071 1696 An
1086 1635 1161 1716 quia
1173 1636 1300 1720 gravius
1317 1651 1365 1700 est
1395 1639 1401 1645 “

181 1727 202 1758 ‘⁶
218 1719 389 1792 verberari,
405 1716 498 1801 quim
521 1719 646 1780 necari?
676 1718 765 1792 Quid
790 1736 895 1782 autem
915 1720 1076 1796 acerbum,
1091 1735 1145 1782 aut
1164 1721 1256 1784 nimis
1273 1743 1368 1804 grave

181 1812 204 1842 ⁶⁶
219 1819 267 1866 est
278 1804 310 1864 in
325 1804 468 1866 homines
480 1805 556 1866 tanti
572 1803 719 1867 facinoris
735 1803 914 1868 convictos?
940 1807 1011 1881 Sin,
1026 1805 1100 1886 quia
1116 1807 1214 1883 levius
1230 1823 1292 1870 est:
1312 1807 1367 1890 qui

182 1897 204 1926 ⁶⁶
220 1889 365 1968 convenit
380 1889 411 1951 in
427 1889 546 1951 minore
562 1891 688 1973 negotio
704 1892 807 1973 legem
822 1893 999 1967 observare,
1013 1891 1088 1952 crim
1105 1913 1180 1970 eam,
1196 1893 1228 1954 in
1246 1893 1368 1976 majore

183 1983 206 2014 ‘⁸
223 1971 417 2056 neglexeris?
433 1973 502 2038 ‘At
517 1976 600 2037 euim
613 1977 683 2058 quis
697 1977 913 2058 reprehendet,
922 1977 1007 2058 quod
1020 1977 1050 2038 in
1063 1978 1232 2059 parricidas
1243 1979 1366 2060 reipub·

183 2066 204 2096 ‘⁶
220 2060 286 2120 licae
301 2061 461 2123 decretum
478 2061 557 2122 erit?
574 2059 752 2143 &Tempus²
767 2062 847 2138 dies,
861 2060 1022 2136 ⁶¹fortuna,
1037 2062 1127 2146 cujus
1143 2063 1251 2126 lubido
1267 2063 1366 2146 genti-

183 2149 205 2182 ⁶⁶
221 2145 279 2206 bus
292 2146 481 2206 moderatur.
516 2146 581 2206 Illis
598 2145 711 2207 nicritd
727 2146 857 2228 accidet,
870 2148 1020 2229 quicquid
1036 2148 1194 2210 evenerit:
1218 2147 1366 2212 caeterirm

184 2237 206 2266 ⁶⁶
221 2251 276 2290 vos
290 2230 327 2290 P.
345 2230 381 2290 C.
400 2231 476 2310 quid
491 2230 521 2290 in
534 2231 610 2290 alios
622 2231 775 2309 statuatis,
791 2233 995 2294 considerate.
1031 2232 1149 2295 Omnia
1164 2235 1246 2296 mala
1260 2256 1370 2296 exem-

185 2321 206 2350 ⁶⁶
222 2315 272 2396 pla
294 2335 335 2374 ex
349 2316 438 2375 bonis
460 2315 556 2376 initiis
569 2329 637 2377 orta
652 2331 738 2379 sunt:
763 2317 830 2391 sed,
846 2319 899 2379 ubi
922 2315 1089 2400 imperium
1105 2320 1145 2380 ad
1162 2319 1296 2401 ignaros,
1313 2335 1370 2384 aut

186 2402 207 2434 ⁶⁶
224 2396 329 2458 mimis
340 2399 437 2460 bonos
449 2401 600 2481 pervenit,
612 2423 727 2463 novum
740 2401 818 2463 illud
830 2405 1007 2488 exemplum
1020 2403 1058 2463 ab
1070 2403 1185 2486 dignis,
1196 2420 1227 2466 et
1236 2405 1369 2482 idoneis,
1431 2446 1434 2456 ι

188 2488 209 2518 “
226 2482 266 2551 ad
282 2483 438 2566 indignos,
453 2501 485 2547 et
499 2507 560 2547 non
577 2489 705 2550 idoneos
721 2483 936 2550 ‘transfertun
975 2489 1219 2568 Lacedaemonii,
1233 2491 1367 2554 devictis

585 2721 593 2736 ,
627 2677 927 2726 INTERPRETATIO.
989 2729 991 2732 ,

346 2881 349 2884 .
417 2825 520 2887 ¹Noni
538 2825 583 2888 ita
597 2847 630 2888 se
644 2828 753 2890 habere
768 2850 865 2892 mores
880 2842 910 2892 et
924 2831 1096 2922 modestiam
1111 2830 1226 2894 Silani.

724 3001 839 3050 NOTAE.

224 3160 240 3194 a
253 3146 358 3207 Studia]
382 3145 412 3194 ld
425 3153 476 3207 est,
488 3149 613 3212 eingrrlnn'
625 3153 653 3198 in
664 3153 772 3216 rempub·
793 3160 891 3204 motum
908 3151 993 3204 luisse
1010 3155 1035 3204 in
1049 3151 1159 3206 ferenda
1177 3156 1315 3218 sententis,
1328 3166 1374 3208 aut

192 3213 262 3260 licam
275 3215 446 3263 benevolentid.
793 3219 938 3270 rationibus
956 3237 1022 3286 quas
1044 3231 1132 3273 metus
1151 3226 1317 3290 sogessisset,
1329 3236 1375 3278 aut

225 3277 363 3338 balticum]
396 3280 426 3350 ld
445 3287 496 3341 est,
516 3290 591 3330 extra
610 3299 688 3340 uuam,
706 3287 771 3334 unde
794 3285 836 3344 iis,
848 3299 904 3351 quae
916 3303 951 3338 ex
963 3288 1069 3340 sceleris
1086 3291 1181 3340 natura
1194 3287 1302 3356 politici
1316 3307 1376 3341 nus·

192 3348 265 3394 etium
277 3348 442 3394 detrimentum
450 3358 473 3394 et
487 3351 597 3395 tramitum
607 3350 738 3414 infimatur.
794 3361 923 3404 serentur.
1211 3379 1213 3386 ·

225 3425 240 3459 c
254 3413 284 3460 ln
295 3409 392 3474 omniu]
414 3411 576 3471 Praesidium,
589 3416 683 3478 saepius
697 3431 731 3466 ex
743 3433 771 3466 se
827 3435 842 3469 e
856 3418 955 3483 Uimi]
966 3425 1029 3472 Post
1040 3434 1143 3472 mortem.

190 3475 257 3526 illud
270 3477 452 3542 indicatquod
467 3479 546 3528 armis
557 3490 680 3543 paratur:
698 3487 773 3533 Atta·
827 3484 842 3533 f
854 3489 889 3535 ,αι
900 3487 987 3552 enim]
1008 3489 1131 3555 Objectio
1149 3495 1272 3555 exparte
1285 3507 1375 3543 eorum

190 3542 334 3604 memetim
352 3545 447 3602 Amici,
462 3547 542 3604 Muri,
559 3547 674 3604 Latebrae
692 3554 773 3614 presi·
795 3563 859 3612 quos
872 3554 922 3602 sibi
933 3555 1019 3604 Caesar
1027 3553 1092 3604 fucit
1104 3557 1277 3609 adversarios.

192 3607 236 3673 dip
248 3610 322 3658 nobis
335 3627 394 3661 esse
407 3614 517 3676 possint,
530 3629 579 3662 non
590 3612 657 3664 mali
675 3618 717 3666 hic
729 3619 774 3666 ad·
829 3635 847 3681 g
860 3619 988 3684 Temprur]
1011 3623 1157 3686 Responsio
1170 3627 1281 3676 caesaris
1292 3624 1325 3674 ad
1334 3623 1380 3676 ob·

192 3675 276 3742 ditum
290 3680 317 3722 in
326 3683 408 3739 omia,
417 3680 451 3728 ad
460 3679 668 3730 distinctionem.
792 3682 935 3748 jectionem
954 3688 1172 3740 adversariorum.
1203 3693 1254 3740 Per
1273 3700 1378 3756 tempus

226 3741 391 3806 Melicum]
409 3747 461 3794 illc
469 3747 572 3812 aliquid
580 3747 672 3797 deesse
681 3756 773 3812 putant
796 3761 891 3813 autem,
904 3754 1030 3819 intelligit
1045 3757 1171 3818 homines,
1185 3759 1230 3822 qui
1247 3761 1306 3820 poet
1323 3757 1379 3806 lou·

192 3807 319 3865 nonnulli,
331 3809 394 3870 qula
410 3825 459 3890 pou
477 3815 588 3862 resumit
599 3816 684 3862 essai
702 3817 772 3878 quod
796 3833 859 3880 gum
868 3825 973 3886 tempus
985 3822 1018 3871 de
1028 3823 1223 3890 conjuratorum
1237 3824 1311 3888 poenlt
1322 3823 1384 3872 disi

192 3881 376 3939 proposuerat,
394 3891 453 3924 cum
473 3879 551 3940 dixit,
565 3889 609 3928 aur
626 3891 710 3939 metue,
731 3895 774 3931 out
797 3892 934 3935 sertarent.

193 3941 452 4007 innumerosique
471 3945 510 3994 illi
527 3944 672 4008 membrum
687 3947 774 4010 poste·
829 3949 992 4016 hForrrmu]
1009 3957 1098 4008 innuit
1109 3955 1301 4024 conjuratorum
1314 3946 1379 4019 su'pz

193 4009 249 4069 rius
261 4007 389 4057 omissum
402 4022 461 4057 esse
474 4011 553 4060 aiunt,
589 4013 648 4063 Non
663 4013 699 4062 ita
710 4016 774 4064 mihi
796 4014 914 4081 plinium,
930 4035 1009 4085 pravo
1024 4024 1157 4090 exemplo,
1179 4022 1204 4072 in
1222 4019 1376 4086 reipublicae

193 4075 309 4134 videtur,
317 4087 377 4122 nam
390 4075 486 4140 injuria
495 4087 521 4126 et
530 4091 681 4142 poeuasunt,
690 4080 773 4130 inhoc
797 4083 892 4133 malum
901 4101 979 4151 posse
989 4089 1115 4142 converti.

194 4139 424 4210 negort0,terrnim
433 4141 536 4192 relativi
545 4155 572 4194 et
582 4145 774 4210 aequivalentes,
828 4148 837 4197 i
851 4152 1040 4219 Transferam]
1065 4159 1122 4206 Non
1134 4151 1236 4206 tantdm
1249 4153 1380 4222 intelligit

193 4207 266 4282 quqd
280 4207 382 4271 patebit
391 4207 544 4259 uttendenti
556 4211 590 4260 ad
603 4225 710 4276 scopum
724 4216 775 4263 Cae-
796 4217 946 4282 exemplum
966 4221 1000 4270 nd
1020 4222 1139 4288 indiguos
1160 4221 1305 4283 transferri,
1330 4223 1379 4275 sed

195 4285 271 4332 surm
294 4275 432 4332 nonenim
442 4283 545 4354 tantum
555 4278 648 4340 voluit,
660 4279 776 4334 Silanum
798 4299 852 4346 eos,
864 4288 1148 4358 praserumexempto
1160 4286 1283 4356 perverse
1296 4290 1362 4354 pti?
