3036 5056
197 251 243 308 40
652 231 913 300 -sALLUsTss

197 410 336 488 itemque
350 404 533 480 decrevere,
546 401 592 464 uti
613 412 627 439 ²
640 398 767 462 familiae
784 395 973 482 gladiatoriae
989 395 1142 478 Capuam,
1165 393 1245 462 etin
1261 401 1380 472 caetera

197 492 371 574 municipia
386 489 645 551 distribuerentur
660 507 716 568 pro
732 484 883 569 cujusque
898 481 912 520 ¹>
927 483 1056 564 opibus,
1079 481 1190 546 Romae
1206 491 1381 562 pertatem

199 580 309 640 urbem
323 575 442 658 vigiliae
459 575 656 647 haberentur,
671 571 779 652 eisque
802 571 960 632 cminores
972 567 1168 648 magistratus
1191 574 1378 646 praeessent.

198 663 327 738 Quibus
339 664 430 722 rebus
449 675 588 740 permota
604 657 726 731 civitas,
741 674 833 738 atque
850 653 1015 719 immutata
1026 651 1120 714 facies
1132 651 1217 713 urbis
1234 662 1320 718 erat3
1336 654 1384 746 erp

198 751 322 812 summi
330 746 444 822 initii,
455 759 546 826 atque
558 740 717 816 dlascivia,
726 763 796 822 qnae
807 741 954 802 diuturna
966 740 1053 819 quies
1063 739 1233 818 pepererat,
1244 746 1383 828 repente

200 833 303 898 omnis
317 831 440 894 tristitia
454 831 578 891 invasit.
596 827 768 903 Festinare,
783 825 950 908 trepidare,
961 843 1061 905 neque
1072 827 1150 897 loco,
1160 839 1261 911 neque
1274 819 1386 877 borni-

199 919 233 984 ni
250 915 396 1000 cuiquim
412 912 489 978 satis
502 916 647 976 credere:
662 933 763 993 neque
775 913 890 974 bellurn
908 931 1027 992 gerere,
1041 927 1139 987 neque
1156 923 1263 987 pacem
1280 903 1384 962 habe-

197 1026 256 1070 ret
284 1025 341 1066 suo
358 1003 488 1085 quisque
506 1017 591 1062 metu
608 996 745 1086 pericula
768 997 882 1060 metiri.
923 995 978 1056 Ad
995 994 1065 1066 boc,
1089 992 1245 1065 mulieres,
1262 986 1385 1069 quibus

197 1095 210 1127 Ἰ
228 1111 284 1174 pro
297 1091 374 1171 reip.
388 1085 603 1170 magnitudine
622 1084 693 1146 belli
708 1084 802 1147 timor
813 1082 955 1146 insolitus
970 1080 1149 1153 incesserat,
1165 1074 1312 1136 afflictare
1329 1093 1383 1134 se-

197 1161 253 1248 se;
271 1196 379 1236 manus
396 1175 550 1255 supplices
566 1171 605 1234 ad
618 1171 725 1232 coelum
741 1170 886 1242 tendere;
904 1165 1042 1228 misereri
1056 1183 1168 1246 parvos
1181 1161 1311 1228 liberos;
1327 1179 1382 1218 ro-

200 1262 320 1344 gitare3
344 1260 448 1320 omnia
465 1279 597 1340 pavere;
614 1255 755 1340 sbperbii
773 1272 862 1335 atque
881 1252 1002 1318 deliciis
1020 1249 1155 1323 amissis,
1178 1246 1237 1308 sibi
1254 1244 1380 1324 patriae-

202 1364 276 1432 que,
289 1346 441 1410 diffidere.
465 1343 512 1404 At
529 1341 671 1405 Catilinae
685 1341 821 1402 crudelis
834 1339 954 1400 animus
971 1337 1080 1398 eadem
1097 1335 1149 1395 illa
1166 1332 1379 1408 movebatur-

632 1557 933 1608 rnrnnrreeritrto.

485 1740 495 1774 ¹
511 1737 646 1818 Propter
662 1736 833 1820 reipublice·
848 1737 1100 1818 magnitudinem.
1142 1805 1144 1812 s

736 1991 850 2042 NOTAE.

198 2237 287 2273 meros
299 2221 368 2271 'rutra
377 2219 450 2270 mille
468 2218 628 2278 continetur,
650 2217 721 2269 nulla
737 2229 778 2267 est
800 2233 932 2280 nrrmerus,
942 2219 993 2270 nisi
1003 2219 1045 2282 qui
1054 2232 1196 2282 expressus
1206 2212 1246 2268 est
1255 2219 1384 2288 iutelligi-

107 2287 112 2294 '
199 2303 307 2354 prorsus
324 2285 482 2338 difficultas:
506 2285 616 2337 rotunde
634 2295 662 2337 et
679 2285 778 2350 absque
800 2297 850 2342 tun
861 2285 1381 2354 deiuderenireetrameaudemfiguram‚

198 2356 253 2407 ulle
263 2355 410 2420 precisione
419 2355 537 2409 Romani,
552 2354 621 2404 sieut
630 2361 658 2403 et
668 2353 723 2413 elii,
733 2369 779 2402 nu·
798 2369 845 2416 pro
853 2352 1043 2414 restertirlra,vel
1050 2359 1162 2405 sestertia
1171 2363 1313 2418 poetarum.
1321 2357 1382 2406 Hoc

198 2429 314 2472 merant:
323 2421 371 2472 sed
381 2435 503 2472 numerus
511 2421 616 2486 quando
626 2420 697 2472 mille
705 2435 778 2470 num·
800 2422 895 2485 posito,
906 2422 972 2472 nibil
982 2421 1085 2472 facilius
1096 2431 1139 2476 est
1149 2419 1229 2486 quaint
1243 2422 1332 2472 ridere
1344 2423 1382 2472 in·

198 2503 256 2538 moe
268 2504 315 2540 seu
322 2489 459 2538 sestertios
469 2487 585 2548 excedit,
595 2504 662 2554 saepe
669 2485 780 2536 detrun·
798 2498 888 2552 epturn
898 2489 963 2546 lbre,
973 2489 996 2538 si
1005 2497 1119 2548 senatus,
1129 2490 1153 2538 in
1162 2505 1190 2538 re
1201 2504 1259 2552 quae
1268 2489 1383 2540 salutem

197 2565 275 2620 cetus
286 2562 346 2612 este
367 2555 404 2606 ita
415 2565 444 2606 ut
453 2554 526 2606 mille
539 2570 586 2620 pro
598 2554 713 2620 singulis
727 2555 779 2603 sint
800 2555 931 2620 publicam
944 2556 1109 2618 respiciebat,
1119 2563 1222 2603 centurn
1234 2558 1385 2616 sestertios,

198 2621 373 2689 intelligendi.
408 2617 474 2672 Ciam
493 2636 597 2672 summa
607 2637 638 2670 eo
656 2636 710 2686 quo
722 2621 778 2670 dixi
800 2621 1109 2686 vilissimam'pecu'niam,
1121 2619 1291 2672 decrevisset.
1309 2627 1383 2688 Ergo

197 2689 277 2740 modo
290 2685 492 2754 empllbsqudm
505 2687 578 2738 mille
589 2685 779 2752 complectebar·
799 2689 885 2755 figura
896 2691 949 2738 hac
963 2692 992 2736 H.
1006 2691 1032 2740 S.
1048 2690 1076 2737 0.·
1089 2699 1191 2746 centua,
1209 2687 1258 2737 lroe
1271 2691 1297 2737 in
1312 2689 1384 2751 loco,

198 2762 253 2815 tnr,
262 2765 319 2806 turn
330 2761 378 2819 per
390 2755 548 2806 Genetivnm
556 2753 684 2818 pluralem
694 2765 780 2804 reeta·
799 2756 865 2807 facit
877 2753 1020 2810 sestertirlm,
1037 2755 1080 2804 vel
1094 2757 1115 2804 si
1132 2769 1193 2804 curn
1206 2757 1292 2818 poetis
1304 2755 1383 2822 loqui

198 2826 259 2872 tium
271 2823 344 2872 illam
356 2823 538 2886 exprimebant
548 2842 556 2880 t
568 2819 635 2874 aded
646 2832 675 2872 ut
687 2825 779 2872 Sceler-
801 2839 872 2874 ames
881 2831 991 2873 eentum
997 2823 1118 2882 sestertii,
1128 2822 1155 2871 id
1165 2830 1208 2871 eet
1219 2833 1320 2872 centena
1330 2827 1385 2872 mil-

198 2890 272 2948 eam,
291 2895 320 2938 et
337 2887 412 2940 mille
425 2888 542 2939 sestertii
556 2889 611 2940 sint
623 2904 667 2940 res
689 2905 740 2940 una
750 2898 778 2938 et
801 2894 836 2942 lia
852 2907 997 2942 nummorum
1010 2905 1058 2940 seu
1070 2894 1250 2940 sestertiorum-⁴
1268 2903 1326 2952 auae
1345 2891 1383 2956 ad

152 2959 156 2968 ¹
197 2953 300 3007 eedem:
314 2955 390 3008 Unde
401 2955 510 3016 sactum,
523 2965 553 3008 ut
560 2960 646 3022 po’e'tae
657 2971 690 3007 ex
701 2973 780 3024 gene·
800 2965 916 3007 nostram
930 2968 1070 3016 monetam,
1081 2957 1103 3006 si
1115 2971 1163 3021 per
1173 2971 1301 3006 stammam
1316 2960 1385 3008 inte·

198 3023 253 3072 tiro
261 3021 307 3072 illo
317 3023 421 3088 pbrrali,
431 3037 524 3075 nornen
535 3038 630 3088 genere
642 3033 734 3078 neutro
743 3023 779 3074 es·
800 3040 874 3090 gram
885 3031 914 3076 et
921 3025 1033 3075 solidam
1042 3025 1149 3082 referam
1158 3025 1318 3089 quingentos
1328 3024 1384 3076 effi-

197 3086 381 3154 fecerintque
393 3097 480 3140 tamen
491 3091 544 3142 rusi
563 3091 588 3141 in
602 3105 708 3142 numero
722 3092 779 3155 plu·
800 3095 871 3142 cient
882 3107 975 3142 aureos
986 3091 1144 3157 dupliones,
1161 3095 1253 3156 Ciaque
1266 3109 1323 3142 cene
1329 3098 1382 3157 pie·

196 3155 245 3204 rali
257 3169 308 3204 non
319 3163 445 3214 utuntur;
461 3169 539 3223 arque
554 3160 591 3208 ita
607 3157 661 3208 illis
673 3158 777 3224 ringula
799 3162 865 3210 talea·
1378 3211 1380 3216 .

197 3221 376 3286 sestertiapro
385 3223 456 3274 mille
467 3225 573 3276 veniunt
583 3225 714 3276 aester-tiis
726 3225 777 3278 illis
832 3225 980 3288 arianida]
991 3225 1041 3282 Qui
1049 3225 1209 3291 gladiatores
1218 3226 1288 3290 apud
1297 3239 1379 3278 unuin

196 3287 284 3354 parvis
293 3285 310 3336 d
318 3290 459 3340 masculino
470 3292 618 3355 sestertius,
627 3307 678 3358 quo
687 3295 742 3346 solo
753 3311 780 3344 o·
799 3294 917 3346 lanistam
931 3309 989 3342 sese
1000 3296 1169 3355 exercebant,
1177 3294 1324 3350 discebant,
1334 3305 1382 3346 aut

195 3363 299 3407 ratores
309 3362 427 3408 utuntur.
434 3357 462 3406 Si
470 3355 534 3409 verri
543 3373 644 3409 summa
653 3369 725 3424 esset
733 3363 779 3412 nti·
800 3361 957 3420 serviebant,
967 3361 985 3411 ii
994 3359 1093 3420 familia
1100 3358 1264 3412 dicebantur.
1400 3399 1401 3402 ,

195 3417 297 3474 nimbrn
309 3423 398 3476 decies
411 3424 571 3476 centinorbrn
584 3425 704 3482 millium,
722 3437 776 3479 tum
833 3427 849 3476 b
867 3427 981 3494 Opimia]
995 3431 1066 3494 Saepe
1078 3429 1237 3496 gladiatores
1247 3426 1262 3479 b
1272 3427 1382 3494 privatis

197 3489 329 3542 adverbiis
341 3491 444 3553 decies,
456 3490 569 3554 centies,
583 3491 678 3558 vicies,
691 3497 739 3546 &e
752 3515 778 3546 u·
799 3496 883 3560 empti
896 3495 929 3544 ad
942 3497 1085 3546 tumultum
1097 3503 1127 3546 et
1139 3497 1253 3556 caedem
1272 3497 1321 3562 ipsi
1333 3497 1382 3546 ali·

195 3556 327 3632 rebantur,
336 3571 394 3624 quar
402 3559 525 3610 adverbia
533 3563 734 3613 centeuarnillis
743 3564 778 3613 fa·
801 3563 905 3629 quando
915 3562 982 3612 bella
993 3573 1019 3612 et
1029 3563 1136 3628 quidem
1148 3565 1238 3631 gravia
1251 3567 1383 3616 excitare·

195 3621 309 3683 erebant,
321 3627 441 3688 quamvis
454 3643 485 3678 ea
496 3643 546 3679 non
560 3633 779 3693 exprimerentur.
801 3637 877 3687 runt;
891 3630 1009 3694 adeoque
1020 3628 1126 3680 minime
1136 3630 1231 3681 mirum
1244 3632 1382 3696 risuspec-

195 3689 307 3738 lam-res
320 3688 387 3742 satis
399 3693 531 3756 clarescet,
542 3694 647 3745 interim
658 3698 740 3748 nodus
752 3713 779 3746 u·
800 3699 820 3746 ti
835 3704 934 3758 essent,
945 3712 979 3746 ex
992 3697 1278 3756 urbededucererrtur;
1300 3709 1381 3762 atque

195 3768 246 3806 nus
253 3764 336 3805 restat
344 3760 537 3824 explanandns;
550 3763 685 3812 sciendum
699 3766 777 3826 enim,
801 3779 848 3827 pro
859 3765 961 3817 ratione
972 3764 1079 3828 virium,
1096 3765 1123 3816 in
1135 3765 1278 3832 municipis
1291 3763 1382 3816 diatri-

195 3835 228 3873 ιη
236 3821 287 3872 hoc
297 3820 413 3874 Sallustii
424 3828 483 3878 laco
492 3840 597 3880 centurn
607 3832 736 3892 sestertia,
745 3848 776 3882 an
800 3831 952 3882 buerentur.
1254 3877 1255 3882 ,

194 3894 301 3966 centurn
314 3891 469 3942 sestertibrn
483 3911 529 3945 seu
544 3897 727 3950 sestertiorum
742 3901 778 3952 in·
833 3899 994 3961 caenare]
1029 3903 1185 3960 eraestorea
1203 3905 1276 3966 puta,
1289 3897 1380 3952 adies
1410 3929 1413 3934 Δ

193 3955 362 4034 alligantur..
375 3959 426 4014 Hic
438 3959 502 4010 νεεδ
512 3978 578 4027 opus
591 3971 633 4014 est
644 3963 777 4032 conjectu·
801 3965 922 4024 minores,
935 3967 1065 4024 triumviri
1079 3969 1212 4033 capitales,
1223 3965 1271 4016 &a

193 4024 225 4100 rai
238 4030 267 4072 et
275 4021 390 4106 Judrpro.
407 4027 472 4076 Dico
485 4028 582 4096 itaque.
598 4029 693 4095 primii,
709 4032 741 4082 ab
753 4049 775 4084 a·
833 4035 850 4082 d
863 4033 1009 4098 briaae]
1031 4038 1089 4085 Non
1104 4037 1148 4085 lile
1161 4033 1265 4100 proelia
1275 4047 1325 4098 pro
1343 4033 1382 4082 in-

193 4087 237 4138 lne
250 4091 352 4152 prolixe
366 4093 502 4154 probatum
515 4113 574 4147 esse
587 4099 654 4148 hane
664 4097 775 4156 fieuraru
798 4101 968 4159 continentie,
981 4119 1028 4154 sen
1044 4101 1166 4154 obscena
1177 4101 1303 4161 libidine,
1321 4099 1382 4164 sed·¹

194 4155 228 4230 ll.
241 4157 265 4204 S.
274 4171 324 4220 pro
335 4157 478 4210 minoribus
491 4165 630 4218 sestertiis.
643 4167 667 4215 in
678 4181 777 4216 maseu-
799 4177 896 4218 tanturn
908 4185 956 4234 pro
966 4169 1124 4233 lombarda,
1133 4170 1276 4230 exultante,
1287 4177 1381 4235 etpro-

194 4219 249 4270 lurc
257 4237 352 4288 genere
359 4226 786 4312 positamesse,quatenusrullei·
797 4233 855 4286 lusa
867 4237 959 4288 letitie
1349 4269 1352 4276 ·

961 4273 967 4285 ι

1011 4298 1016 4318 Ι
