3034 5060
408 321 610 393 BELLUM
631 319 1012 390 CATILINARIUM.
1255 340 1299 396 ns

115 505 137 540 “
153 521 237 575 sem,
251 501 284 564 in
301 495 400 564 vestri
419 498 555 564 amicitis
572 497 756 574 exercitum,
768 495 908 568 divitias,
922 495 1116 560 munimenta
1129 500 1229 584 regni,
1243 523 1296 566 nrt

19 591 20 616 ³
116 591 138 622 “
156 587 344 650 habitorum.
390 584 471 659 Qua
493 589 645 667 praecepta
664 584 759 666 patris
780 583 845 644 mei
866 581 941 644 edm
957 584 1120 666 agitarem,
1131 585 1298 668 Iugurtha,

114 677 137 708 “
156 673 250 734 homo
276 671 429 747 omnium,
453 691 532 752 quos
560 685 642 732 terra
666 670 808 744 sustinet,
827 668 1097 744 sceleratissimus,
1118 688 1296 756 contempto

115 762 139 794 “
158 757 288 840 imperio
302 773 420 832 vestro,
436 755 614 818 Masinissae
637 777 687 816 me
708 769 865 836 nepotem,
880 757 988 836 nitique
1010 755 1049 817 ab
1064 755 1161 839 stirpe
1176 759 1297 820 socinin

112 847 137 879 “
154 859 245 926 atque
261 843 398 906 amicum
416 841 522 924 populi
538 839 579 902 R.
595 862 692 921 regno
707 840 901 923 fortunisque
918 841 1061 902 omnibus
1078 842 1209 923 expulit.
1238 845 1297 906 At·

113 929 135 964 ‘⁵
147 952 213 1012 ¹qne
225 951 286 1012 ego
300 929 336 990 P.
355 927 394 988 C.
408 926 606 1007 quoniame&
620 927 815 988 miseriarum
832 941 981 987 venturus
998 946 1095 1002 eram,
1107 927 1232 1006 velient,
1243 949 1299 1012 po·

111 1019 133 1050 “
152 1015 217 1078 titis
239 1018 283 1078 ob
304 1034 386 1088 mea,
400 1008 495 1094 qnam
518 1014 558 1075 ob
581 1014 737 1096 majorum
760 1031 916 1086 meorum,
931 1011 1079 1074 beneficia
1099 1033 1191 1094 posse
1209 1011 1298 1076 mei

110 1104 133 1136 ‘⁸
150 1103 240 1166 vobis
250 1099 403 1162 auxilium
415 1114 540 1182 petere;
558 1119 594 1160 ac
607 1093 743 1160 maxime
761 1095 890 1158 ²dcberi
905 1095 981 1158 mihi
995 1098 1144 1162 beneficia
1154 1095 1172 1158 ὲ
1184 1101 1299 1184 populo

110 1190 134 1222 “
153 1185 194 1248 R.
213 1187 328 1268 quibus
344 1205 404 1246 non
419 1205 562 1268 egerem:
586 1180 786 1244 bsecundnm
802 1203 849 1256 ea,
864 1181 890 1244 si
912 1183 1120 1246 desideranda
1139 1201 1237 1262 erant,
1251 1185 1298 1250 uti

110 1275 134 1315 ‘⁶
149 1271 285 1340 cdebitis
302 1285 415 1334 uterer.
449 1269 513 1332 Sed
525 1267 674 1352 quoniam
690 1285 802 1346 parum
814 1281 879 1328 tuta
892 1287 948 1348 per
963 1267 1076 1349 seipsa
1091 1271 1227 1350 probitas
1240 1289 1299 1344 est,

110 1363 132 1394 ‘⁴
151 1378 255 1438 neque
272 1355 349 1416 mihi
366 1351 439 1416 ldin
457 1353 633 1427 manuscrit,
648 1349 807 1432 jugurtha
821 1353 920 1430 qualis
934 1349 1034 1424 foret3
1051 1353 1092 1414 ad
1103 1373 1160 1414 vos
1172 1355 1298 1440 confugi

108 1448 133 1480 ‘⁴
154 1441 191 1502 P.
206 1441 244 1506 C.
257 1440 380 1524 quibus,
392 1441 478 1524 quod
489 1440 567 1503 mihi
580 1437 793 1502 miserrimum
805 1451 863 1509 est,
879 1455 975 1518 cogor
987 1435 1077 1518 priris
1092 1437 1193 1516 oneri,
1206 1438 1300 1522 qnam

110 1531 135 1564 ‘⁶
154 1527 226 1590 usui
238 1549 317 1595 esse.
342 1525 454 1591 Caeteri
465 1547 566 1609 reges,
579 1539 632 1586 ant
641 1523 724 1584 bello
736 1521 810 1584 victi
826 1523 857 1582 in
869 1522 1039 1584 amicitiam
1051 1519 1070 1582 ti
1082 1524 1170 1586 vobis
1182 1527 1301 1610 recepti

110 1617 133 1648 “
151 1627 233 1686 sunt,
248 1627 302 1674 aut
317 1613 348 1674 in
368 1613 433 1676 suis
451 1612 556 1676 dubiis
574 1610 689 1672 2rebus
712 1608 893 1669 societatem
911 1625 1046 1670 vestram
1068 1608 1299 1692 appetiverunt.

112 1701 135 1734 ‘⁶
154 1697 287 1760 Familia
304 1712 407 1762 nostra
423 1719 495 1761 cum
511 1698 628 1780 populo
644 1693 684 1756 R.
700 1692 782 1758 bello
799 1691 1050 1774 Carthaginiensi
1063 1695 1235 1758 amicitiam
1252 1698 1299 1760 in·

111 1787 135 1818 ‘⁴
151 1784 264 1860 stituit,
275 1805 339 1864 quo
351 1799 491 1864 tempore
508 1782 608 1864 magis
626 1779 703 1842 fides
718 1779 788 1862 ejus
801 1774 895 1859 quim
907 1780 920 1814 ³
932 1777 1055 1844 fortuna
1070 1783 1205 1863 petenda
1220 1799 1298 1846 erat.
1352 1812 1356 1824 ¹

111 1872 135 1904 “
151 1867 322 1942 *Quorum
338 1869 519 1949 progeniem
532 1889 588 1928 vos
600 1865 638 1928 P.
651 1865 688 1926 C.
707 1865 802 1924 nolite
815 1863 877 1944 pati
890 1883 939 1926 tne
955 1880 1100 1945 nepotem
1118 1865 1297 1932 Masinissa

112 1959 137 2028 *Ξ
154 1951 270 2016 frustra
285 1949 403 2014 anobis
419 1949 572 2033 auxilium
584 1966 701 2034 petere.
735 1947 768 2008 Si
783 1950 824 2012 ad
838 1946 1092 2030 eimpetrandum
1107 1951 1185 2013 nihil
1199 1974 1299 2018 causae

112 2043 136 2076 ‘⁵
153 2039 312 2114 haberem,
327 2052 439 2120 praeter
454 2038 664 2108 miserandam
677 2033 855 2106 fortunam
871 2033 959 2114 quod
975 2035 1068 2116 paulo
1083 2033 1154 2098 ante
1167 2057 1233 2115 rex,
1245 2061 1299 2120 ge-

111 2128 135 2160 “
151 2143 236 2198 nece,
253 2121 335 2186 fama
351 2140 444 2206 atque
464 2124 562 2206 copiis
578 2137 699 2206 potens,
714 2140 794 2182 nnnc
810 2116 1004 2182 deformatus
1024 2123 1182 2196 arumnis,
1198 2123 1300 2208 inops,

114 2213 137 2246 ‘⁶
152 2209 267 2274 alienas
279 2231 354 2292 opes
367 2225 533 2292 exspecto:
550 2226 652 2270 tamen
665 2220 731 2268 erat
745 2204 917 2287 majestatis
932 2207 1038 2288 populi
1055 2203 1190 2269 Romani
1206 2211 1300 2292 'pro-

114 2297 137 2331 “
152 2295 260 2358 hibere
276 2294 435 2378 injuriam,
454 2316 555 2376 neque
576 2295 652 2377 pati,
667 2291 854 2374 cujusquam
875 2313 1007 2374 regnum
1024 2312 1079 2374 per
1099 2294 1201 2356 scelus
1217 2316 1301 2358 cres·

115 2385 138 2418 “
153 2401 236 2443 cere.
279 2378 424 2446 fvernm
441 2402 501 2462 ego
516 2382 556 2444 iis
573 2379 686 2442 finibus
702 2377 820 2458 ejectus
836 2397 918 2455 sum,
933 2397 1012 2460 quos
1032 2380 1203 2461 majoribus
1218 2383 1299 2444 meis

116 2467 139 2504 '¹
154 2465 287 2552 populus
303 2459 400 2530 Rom.
411 2464 521 2530 dedit:
543 2466 627 2529 unde
643 2479 740 2547 pater,
752 2475 783 2522 et
798 2480 875 2524 avus
890 2483 980 2526 meus
995 2459 1055 2526 nna
1066 2465 1229 2528 vobiscum
1243 2489 1299 2530 ex.-

115 2554 137 2588 “
152 2553 263 2638 puldre
275 2551 500 2638 Syphacem,et
512 2549 797 2633 Carthaginienses.
821 2547 936 2612 Vestra
946 2549 1095 2612 beneficia
1107 2551 1185 2614 mihi
1194 2569 1301 2636 erepta

551 2719 850 2773 INTERPRETATIO.

155 2851 290 2937 ¹Neque
298 2849 395 2935 penes
411 2849 541 2934 mesuit.
670 2887 672 2895 ,
720 2869 799 2924 mm,
819 2859 849 2912 ri
875 2861 1009 2932 nepotem
1036 2849 1225 2928 transisse,
1244 2865 1300 2936 pc-

153 2940 168 2974 ²
185 2937 248 2999 Aut
259 2938 293 2998 in
307 2937 517 2998 vacillantibus
531 2933 597 3000 suis
608 2935 697 2998 rabin
720 2925 918 3018 teresrustrd
934 2935 1083 2998 auxilium
1099 2934 1118 2996 ἀ
1135 2937 1230 3000 vobis.

102 3021 214 3108 soedaac
224 3023 375 3084 nobiscum
387 3021 469 3084 inire
481 3022 695 3108 praecinerunt.
761 3023 773 3057 ⁵
796 3021 909 3084 Tamen
934 3034 1001 3084 erat
1026 3022 1195 3104 majestatis
1221 3023 1300 3106 Pop.

157 3104 384 3192 ³Magisstdes
399 3101 465 3190 ejus
477 3119 546 3170 erat
559 3127 696 3192 quareo·
718 3105 850 3170 Romani
876 3107 1022 3190 impedire
1043 3129 1081 3170 nc
1099 3128 1156 3190 ego
1178 3109 1299 3194 injuria

114 3193 166 3270 da,
176 3189 269 3277 qudm
283 3191 500 3276 ejusscrrtuno.
718 3189 867 3281 afficerer.

155 3281 168 3316 ⁴
187 3279 292 3344 Nolite
300 3281 382 3363 pati,
394 3301 439 3341 me
447 3282 628 3363 progeniem
648 3299 695 3342 eo·

654 3451 768 3501 NOTAE.

146 3559 285 3624 ambert]
296 3561 361 3610 Sunt
370 3560 497 3628 equidem
508 3561 533 3610 in
542 3559 594 3610 hdo
604 3561 698 3613 oratio·
720 3573 748 3610 ar
758 3561 888 3627 Jngnrtta
903 3577 976 3624 priam
986 3563 1042 3627 sirit
1060 3565 1123 3612 olins
1139 3571 1208 3612 esset,
1242 3563 1301 3628 linc

113 3642 145 3677 ne
157 3629 277 3694 plurima
291 3627 361 3676 bonae
372 3628 612 3685 rationemat'rero
623 3643 698 3680 aecn-
719 3628 787 3679 dicit
815 3635 845 3677 nt
871 3629 1106 3692 importunitatem,
1130 3628 1300 3693 necessitate,

112 3701 169 3746 rata
179 3693 305 3748 methodo
315 3711 364 3744 non
377 3705 439 3746 sunt
449 3695 592 3760 disposita.
612 3696 651 3744 De
660 3696 698 3744 in·
719 3697 772 3762 qud
786 3694 937 3760 compulsus
950 3695 1010 3756 snit,
1021 3702 1142 3746 excuset.

113 3759 252 3812 dustriaet
263 3762 327 3811 bene
338 3760 436 3812 factam
447 3763 588 3820 abvautore,
597 3763 642 3826 qui
654 3763 696 3811 ho·
751 3760 983 3828 alamannam]
1003 3762 1147 3824 Aemilium,
1159 3763 1271 3818 scilicet,
1283 3762 1300 3814 d

114 3828 208 3882 minem
220 3828 355 3895 elegantia
373 3831 489 3880 Romana
503 3825 588 3878 minhs
607 3831 697 3878 excul-
718 3830 791 3882 vobis
802 3830 1069 3893 contraJngurtham.
1088 3831 1302 3883 Videtnrathe·

112 3899 177 3956 tum,
191 3912 241 3948 suo
260 3895 496 3960 moreloqnentem
515 3894 624 3946 inducit.
657 3897 696 3946 lta
719 3895 761 3946 bai
781 3896 904 3962 praescire
920 3897 992 3960 qnod
1008 3893 1128 3947 suturnm
1149 3906 1205 3948 est:
1223 3893 1302 3948 aded-

113 3960 188 4024 plane
206 3963 327 4030 praecipit
341 3977 460 4013 summus
477 3963 600 4030 magister
615 3963 696 4014 Hora·
717 3978 769 4029 que
786 3963 802 4013 d
816 3963 950 4022 Romanis,
959 3961 1092 4024 diffidens,
1100 3973 1130 4014 et
1142 3965 1218 4029 qussi
1232 3965 1249 4012 a
1262 3977 1303 4012 re-

112 4027 177 4078 tius.
716 4031 1007 4082 coemtihusnuxilium
1021 4031 1098 4096 petit.
1126 4031 1249 4085 ominosa
1258 4035 1302 4078 eat

147 4093 163 4142 b
178 4097 333 4162 Secundum]
352 4095 383 4146 td
401 4101 454 4156 est,
469 4097 515 4146 Ee
533 4115 567 4158 eo,
588 4097 695 4158 Dante,
718 4099 769 4148 ista
777 4098 885 4163 petendi
896 4098 974 4156 ratio,
984 4107 1010 4148 et
1023 4098 1303 4160 contumeliosamque-

114 4159 182 4212 Gali.
195 4165 229 4211 Et
239 4164 280 4226 qu'
292 4183 322 4214 en
334 4168 499 4228 consequence
512 4169 542 4214 de
553 4167 613 4215 cela.
718 4179 769 4232 que
781 4181 854 4230 ergo,
868 4165 906 4214 ita
918 4162 1141 4216 instituiminime
1156 4163 1244 4212 debet.

145 4228 294 4294 clientas]
318 4233 426 4296 Repetit
446 4231 519 4298 qnod
537 4233 575 4282 its
593 4231 693 4281 dictam
750 4230 886 4296 werra]
909 4235 968 4282 Jam
980 4232 1097 4283 rationes
1110 4231 1224 4294 optimas
1236 4230 1303 4294 opti-

111 4309 244 4360 nunquam
257 4300 381 4366 oportuit.
717 4296 759 4348 md
772 4303 897 4363 proponit
905 4299 1044 4359 Adrerbal,
1053 4299 1101 4348 sed
1113 4297 1138 4346 in
1150 4309 1181 4346 eo
1192 4293 1241 4346 din
1251 4311 1303 4348 non

145 4359 314 4428 cilaniantem]
334 4365 365 4420 [d
386 4372 435 4426 est,
450 4367 509 4416 Ji'on
523 4363 694 4430 parvifacere
719 4365 842 4416 manebit.
1009 4361 1012 4373 '
