3034 5054
591 237 909 345 antoninum.
1280 285 1343 344 sn

204 447 372 553 Repente
363 463 501 516 incautos
516 467 608 531 agros
622 450 746 516 invasit.
768 453 860 520 Idem·

206 535 287 598 Belli
302 533 496 600 sanesciens.
521 537 634 600 Acron

181 619 355 719 Namque
369 621 510 685 omnium
526 616 712 684 ferocissimi
724 622 764 684 ad
775 617 836 684 hoc*
847 635 971 704 tempus
985 591 1111 684 ἂιΑιῖιιιὶ
1125 629 1218 702 atque
1234 616 1338 684 ¹'Tau-

89 777 96 786 ,
152 724 193 772 ιι
206 719 286 778 suut,
281 708 397 852 l,quod
413 704 566 787 quantirm
588 707 731 790 conjicio,
745 708 885 770 locorum
908 719 1044 790 egestate
1063 719 1153 790 rapto
1166 703 1272 768 vivere
1287 725 1338 768 co·

162 790 282 856 actiG
281 793 361 854 lassa
375 790 564 890 Juvenalisq

141 948 144 960 ι
204 874 334 956 Atque
326 897 393 959 ipse
406 876 506 939 cultus
521 877 578 940 rei.
600 875 711 940 Acron.

96 1013 98 1016 .
203 961 354 1044 ‘Triplici
366 961 472 1024 fluctu
494 963 581 1024 Serv.
595 963 626 1022 Γ
624 964 761 1025 uldcmle

203 1045 364 1129 Charybdi
377 1067 462 1110 mare
474 1047 675 1110 vorticosum.
699 1049 791 1111 Idem

199 1130 265 1194 Sed
277 1131 332 1194 ubi
348 1145 486 1235 temppre
501 1133 572 1194 anni
587 1154 671 1195 mare
685 1133 834 1196 classibus
846 1132 1033 1214 patefactum
1049 1145 1105 1196 est.
1132 1136 1223 1197 Idem

200 1213 282 1277 Santi
300 1219 443 1280 bonus
413 1239 448 1278 ea
462 1231 645 1298 tempestate
658 1215 763 1280 coutrzl
779 1219 914 1300 pericula
929 1235 960 1280 et
976 1219 1189 1280 ambitionem
1212 1218 1304 1282 Idem.

200 1299 332 1365 Simul
322 1303 469 1366 immanis
491 1301 699 1366 hominum'
669 1325 718 1365 vis
740 1324 781 1364 ex
799 1304 898 1366 loeis'
891 1305 1033 1368 invasere
1048 1318 1202 1386 parentes,
1217 1303 1291 1368 etim
1307 1314 1338 1364 et

132 1384 243 1468 :pacis
259 1387 354 1450 modd
370 1388 493 1451 effusas.
516 1389 608 1449 Idem.

201 1471 312 1536 Genua
323 1487 445 1553 patrum
461 1473 680 1537 advolvuntur.
704 1475 794 1537 Idem.

199 1555 400 1620 Perrexere
391 1580 423 1621 ιιι
440 1558 625 1655 Hispaniam
636 1561 675 1620 ad
688 1557 874 1622 Sardiniam.
897 1561 989 1623 Idem.

198 1640 280 1716 Qnae
295 1643 428 1725 mapalia
442 1659 514 1706 sunt
515 1643 727 1743 ‘circumjecta
742 1645 872 1720 civitati,
887 1645 1062 1708 suburbana
1076 1643 1218 1709 aedilicia.
1247 1644 1338 1706 Idem.

198 1725 243 1788 Et
255 1747 348 1788 onere
365 1727 499 1790 turrium
515 1728 640 1788 incertis
656 1729 796 1789 navibus.
823 1731 914 1792 Idem.

198 1807 350 1886 Traditur
365 1810 495 1892 fugam
489 1831 520 1870 ιιι
535 1810 704 1892 longinqua
719 1811 826 1873 oceani
841 1815 1017 1892 agitavisse.
1041 1815 1132 1875 Idem.

198 1895 257 1958 Ad
273 1897 458 1959 mutandum
473 1892 569 1956 modd
585 1895 618 1956 in
633 1893 745 1956 melius
760 1896 934 1958 servitium.
962 1899 1049 1959 Serv.
1066 1899 1107 1958 ad
1114 1899 1249 1978 primum
1266 1901 1338 1963 AEtt.

199 1980 323 2063 Magna
339 1981 388 2044 vis
407 1979 571 2043 homiuum
592 1995 778 2042 convenerat
797 1981 883 2064 agris·
901 1981 988 2064 pulsa
1008 1996 1063 2044 aut
1082 1982 1206 2044 civitate
1227 1985 1336 2066 ejecta.

154 2067 246 2141 Idem,
260 2067 379 2128 itidem.

199 2150 284 2216 Clnn
302 2155 426 2216 murum
440 2150 579 2215 hostium
594 2151 796 2216 successisset
810 2171 912 2236 penas
927 2152 1068 2216 dederat.
1099 2153 1180 2216 Idem
1196 2153 1239 2256 ad
1251 2152 1323 2218 Ecla
1324 2187 1337 2200 -

148 2259 226 2322 gum
239 2239 387 2322 quintam.

198 2323 324 2406 Quippe
336 2337 423 2386 vasta
438 2322 529 2386 Italia
545 2321 671 2406 rapinis,
684 2321 768 2405 fuga,
780 2315 933 2386 caedibus.
949 2325 1040 2386 Idem.

199 2409 245 2470 Hi
260 2422 332 2471 sunt
349 2411 403 2490 qui
418 2410 590 2473 secuudum
605 2410 725 2490 pocula,
740 2422 772 2471 et
790 2409 864 2471 alias
880 2431 929 2470 res
946 2430 1066 2488 aureas,
1080 2409 1142 2471 diis
1156 2419 1275 2473 sacrata
1287 2407 1335 2471 in·

59 2493 69 2512 ⁴
150 2507 325 2565 strumenta
339 2493 484 2556 convivio
499 2507 686 2556 mereantur.
709 2493 820 2559 *Idem
834 2494 955 2564 cdviii.
979 2495 1133 2556 AEneidos.

196 2581 236 2642 In
250 2581 386 2642 secundi
400 2577 527 2642 festinas
542 2577 684 2642 cohortes
700 2591 926 2662 composuerat.
950 2581 1031 2640 Idem
1045 2580 1107 2640 ad
1100 2600 1143 2642 ιιι.

185 2667 267 2746 Jam
284 2661 410 2747 repente
427 2665 514 2727 visus
529 2666 640 2726 saevire
656 2663 775 2745 Tagus.
800 2665 881 2726 Idem
896 2665 940 2726 ed
950 2684 982 2728 ιι.

194 2751 323 2814 Exuant
337 2749 433 2812 armis
447 2749 609 2832 equisque.
633 2750 725 2812 Idem.

193 2837 282 2898 Sol'as
296 2834 453 2898 festinare.
481 2835 574 2896 Idem.
647 2879 649 2884 ,

193 2921 363 2984 Lusitaniae
379 2939 506 3000 gravem
517 2921 688 2994 civitatem.
712 2921 805 2986 Idem.

194 3005 248 3068 Ex
261 3021 346 3090 parte
361 3005 538 3070 cohortium
559 3007 725 3089 praecipere
752 3006 911 3084 instructa,
927 3018 959 3076 et
982 3006 1129 3070 stationes
1151 3007 1257 3071 locatae
1277 3027 1334 3090 pro

150 3093 275 3156 castris.
295 3093 387 3154 Idem.

193 3179 317 3244 Bellum
329 3177 441 3258 quibus
452 3190 557 3259 posset
571 3176 800 3258 conditionibus
816 3177 981 3239 desineret.
1005 3177 1096 3240 Idem.

193 3263 231 3329 Iu
247 3263 319 3346 quis
334 3261 517 3345 longissimo
532 3281 599 3325 aevo
618 3263 717 3346 plura,
732 3266 772 3325 de
790 3263 878 3324 bouis
894 3262 1005 3340 falsa,
998 3283 1030 3324 m
1045 3261 1185 3326 deteriits
1204 3283 1330 3348 compo-

143 3347 222 3414 suit.
245 3349 335 3410 Idem

192 3433 286 3496 Cultu
302 3432 438 3514 corporis
453 3445 560 3495 ornata
575 3433 713 3514 egregio.
738 3433 831 3494 Idem.

147 3517 241 3583 At
255 3519 411 3580 Sertorius
423 3539 539 3581 vacuus
554 3518 656 3580 hieme
670 3539 783 3601 augere
797 3516 911 3598 copias.
934 3518 1075 3581 Aerem.
1064 3540 1097 3580 ιιι
1113 3519 1294 3581 Horatium.

190 3603 289 3666 Siu
260 3625 308 3666 ιιι
320 3604 458 3676 obsistat,
471 3602 554 3666 ferro
570 3623 663 3684 quam
675 3602 758 3665 fame
775 3602 897 3684 aequius
912 3607 1078 3683 perituros.
1100 3605 1187 3668 Serv.

191 3688 362 3756 Consedit
355 3711 387 3751 ιιι
398 3691 476 3752 valle
491 3689 624 3774 virgultis
636 3691 872 3770 nemorosaque.
895 3689 987 3753 Idem·

679 3903 793 3954 NOTAE.

178 4099 312 4178 adelred]
333 4101 399 4150 Sunt
417 4098 508 4164 populi
525 4096 597 4149 eirca
612 4103 721 4164 pontum
781 4097 797 4147 b
818 4096 920 4163 Tauri]
944 4101 1061 4150 Fuerunt
1081 4098 1127 4150 isti
1148 4098 1175 4148 in
1196 4097 1326 4186 Sarmatia

143 4164 458 4226 EuxinuminSarmatia
472 4166 604 4221 Asiatica;
618 4166 721 4215 nauide
748 4167 882 4228 Europae.

143 4231 186 4280 his
202 4230 276 4283 hoc
270 4247 296 4281 m
312 4233 371 4282 loco
389 4233 486 4302 agitur,
497 4248 548 4285 uon
561 4232 593 4284 de
608 4233 720 4299 illisqui
780 4249 795 4286 e
810 4229 937 4298 Triplici]
950 4231 980 4285 ld
991 4239 1042 4296 est,
1052 4247 1147 4298 magno.

143 4287 307 4356 Thessaliam
319 4299 492 4352 incoluerunt.
