3034 5060
444 227 649 302 uentum
671 223 1050 320 Juuunmununt.
1275 239 1344 331 us

150 405 335 494 Capsenses
350 407 409 473 uui
426 407 538 488 modo,
551 423 645 492 atque
660 410 697 470 ca
716 409 796 477 intra
814 401 968 492 oppidum
991 405 1079 494 ‘jugi
1097 405 1187 492 aqui,
1208 403 1348 474 testera

147 497 264 578 pluvii
276 495 448 558 utebantur.
478 495 520 557 Id
535 495 653 576 ibique,
668 493 746 558 etin
761 495 847 557 omni
863 491 873 532 ¹
886 493 1009 570 Africa,
1025 515 1095 578 quse
1110 497 1217 576 procul
1232 493 1249 557 i
1266 497 1347 562 mati

147 578 307 645 incultitis
322 583 463 662 agebant,
479 577 518 642 ed
534 579 661 644 facilius
676 581 865 644 tolerabatur
873 603 883 656 ς
905 580 979 662 quia
993 580 1146 644 Numidae
1161 583 1346 666 plerumque

148 667 247 745 lacte,
262 683 292 729 et
308 666 404 728 ferina
426 686 518 728 carne
534 667 748 740 vescebantur,
762 683 793 730 et
815 688 916 752 neque
939 667 1047 742 sulem,
1061 687 1163 749 neque
1186 659 1246 732 alia
1265 670 1348 751 gula

149 762 167 789 ⁶
179 753 380 828 irritamenta,
396 753 584 834 quaerebant.
617 751 716 815 Cibus
732 753 793 814 illis
807 754 975 816 adversum
992 750 1121 829 samem,
1137 765 1168 815 et
1183 753 1269 816 sitim
1284 776 1348 818 uon

148 837 285 902 lubidini
297 860 400 920 neque
412 840 554 913 luxuriae,
565 853 641 902 erat.
666 837 770 920 Igitur
780 839 899 916 consul,
907 838 1053 901 omnibus
1061 839 1242 922 exploratis,
1251 841 1347 921 oredo

149 924 217 986 diis
226 924 336 1000 fretus,
346 926 434 1023 (nam
448 921 553 986 contri
564 939 664 988 tantas
676 924 872 988 difficultates
881 923 1011 987 consilio
1023 917 1099 988 satls
1108 925 1275 1006 providere
1284 947 1348 990 uon

147 1024 291 1094 poterat:
309 1030 424 1092 quippe
440 1011 534 1072 etiam
550 1009 700 1073 frumenti
713 1010 816 1094 inopii
829 1012 1016 1084 tentabatur,
1025 1009 1113 1092 qubtl
1129 1011 1347 1096 Numidaepa·

146 1095 227 1160 bulo
242 1095 365 1180 pecoris
380 1091 493 1178 magis,
506 1093 601 1178 quim
616 1091 718 1158 darvo
729 1098 874 1170 student;
890 1109 933 1172 et,
944 1096 1167 1178 quodcumque
1180 1097 1349 1164 natumiu-

148 1198 231 1260 erat,
248 1183 342 1266 jussu
358 1184 453 1264 regis,
467 1183 499 1244 in
514 1183 582 1244 loca
595 1181 717 1244 munita
735 1182 947 1254 contulerantt
970 1202 1045 1263 ager
1060 1197 1165 1250 autem
1181 1183 1300 1264 aridus,
1315 1199 1349 1250 et

144 1265 281 1350 frugum
293 1275 410 1330 vacuus
422 1270 457 1328 esi
465 1282 661 1350 tempestate,
673 1285 746 1328 nam
758 1265 871 1348 aestatis
885 1283 1063 1330 extremum
1073 1264 1155 1350 erat)
1169 1283 1273 1334 tamen
1289 1291 1348 1354 pto

146 1353 200 1414 rei
217 1352 305 1435 copia
320 1349 396 1414 satis
411 1353 613 1436 prouidenter
627 1365 776 1414 exornat:
801 1371 895 1434 pecus
910 1371 1015 1429 omne,
1031 1353 1119 1436 quud
1134 1355 1349 1436 superioribus

149 1437 268 1501 diebus
289 1438 392 1520 praeda
409 1438 522 1515 fuerat,
537 1429 697 1522 equitibus
718 1438 891 1500 auxiliariis
913 1439 1095 1520 ‘agendum
1114 1439 1277 1502 attribuite
1301 1443 1348 1504 A.

149 1521 315 1588 Manlium
331 1525 468 1607 legatum
484 1545 556 1588 cum
572 1525 754 1587 cohortibus
770 1523 926 1608 expeditis
939 1525 979 1586 sd
991 1525 1144 1608 oppidum
1159 1519 1283 1602 ‘Laris
1294 1526 1349 1590 ubi

147 1609 344 1693 stipendium
358 1627 389 1672 et
404 1628 615 1675 commeatum
631 1611 799 1682 locaverat,
811 1610 857 1672 ire
868 1611 976 1694 jubete
1001 1610 1142 1694 dicitque
1157 1633 1191 1675 se
1206 1613 1349 1696 'preda-

145 1694 293 1758 bundum
308 1711 379 1778 post
393 1717 508 1776 paucos
523 1697 592 1757 dies
608 1694 724 1758 ebdem
737 1711 917 1758 venturum.
961 1694 1015 1760 Sic
1031 1697 1156 1781 inceptu
1171 1718 1229 1760 suo
1242 1699 1348 1762 occul·

137 1795 228 1856 tato,
243 1781 346 1862 pergit
361 1783 400 1840 ad
416 1779 533 1840 flumen
548 1779 696 1841 Tanaim.
741 1779 904 1844 Ceterum
919 1782 950 1844 in
962 1781 1234 1864 itinere-quotidie
1251 1805 1348 1868 pecus

151 1865 306 1930 exercitui
321 1885 377 1948 pen
387 1866 554 1941 centurias,
565 1864 640 1926 item
652 1859 773 1927 turlnas
784 1865 943 1946 aqualiter
956 1867 1178 1942 distribuerat,
1193 1882 1226 1932 et
1241 1887 1282 1934 cx
1294 1891 1348 1935 eo·

148 1951 208 2014 riis
225 1966 310 2014 utres
325 1951 370 2013 uti
386 1949 506 2026 fierent,
521 1950 667 2013 curabat:
692 1950 787 2012 simul
802 1967 834 2012 et
849 1950 987 2031 inopiam
1001 1949 1152 2015 frumenti
1167 1956 1300 2035 stertire,
1315 1971 1348 2022 et

149 2036 271 2119 ignaris
286 2037 443 2114 omnibus,
458 2055 579 2118 parare,
593 2057 662 2118 quae
677 2031 779 2098 ¹¹m0x
793 2037 864 2098 usui
878 2032 999 2098 forent:
1023 2035 1161 2120 denique
1177 2055 1267 2102 sexto
1282 2041 1348 2120 die,

147 2144 224 2186 cum
241 2123 282 2198 ad
298 2123 415 2186 flumen
429 2137 559 2184 ventum
575 2139 633 2202 est,
648 2121 787 2186 maxima
800 2123 849 2185 vis
865 2122 984 2186 utrium
998 2121 1119 2186 effecta.
1164 2123 1215 2188 lbi
1236 2127 1349 2194 castris

148 2209 214 2274 levi
227 2209 423 2272 munimento
438 2206 560 2292 positis,
573 2208 691 2271 milites
707 2207 810 2272 cibum
827 2229 938 2292 capere
950 2235 959 2284 ;
982 2224 1088 2292 atque,
1100 2206 1147 2272 utl
1164 2210 1260 2290 simul
1274 2233 1349 2276 cum

150 2317 267 2360 occasu
282 2295 357 2361 solis
372 2295 608 2378 egrederentur,
622 2309 747 2377 paratos
762 2313 831 2356 esse
849 2297 960 2379 jubet:
985 2296 1130 2360 omnibus
1146 2294 1277 2362 sarcinis
1294 2301 1348 2366 ab·

144 2379 255 2468 jectis,
271 2384 350 2464 aqui
365 2379 463 2442 modb
477 2401 585 2462 seque,
601 2395 632 2441 et
642 2381 790 2464 jumenta
802 2401 942 2444 onerare.
977 2381 1073 2459 Dein,
1089 2397 1254 2466 postquam
1266 2399 1347 2450 tem·

147 2468 332 2552 pusvisum,
339 2467 449 2530 castris
458 2467 636 2550 egreditur:
649 2481 837 2549 noctemque
846 2481 944 2530 totam
959 2467 1090 2530 ³itinere
1100 2467 1345 2537 factuconsedit.

151 2555 245 2618 Idem
260 2555 405 2638 proximi
418 2552 502 2618 iacit.
529 2552 614 2614 Dein
629 2553 721 2616 tertii
732 2553 832 2617 multti
845 2567 915 2616 aute
926 2553 1006 2615 lucis
1021 2553 1192 2617 adveutum
1204 2559 1348 2638 pervenit

147 2639 183 2703 in
197 2640 303 2702 locum
318 2639 525 2717 tumulosum,
541 2639 579 2701 ab
592 2639 693 2722 Capsa
708 2660 770 2716 nou
785 2639 920 2721 amplius
934 2639 1036 2702 dudm
1052 2640 1186 2704 millium
1201 2641 1348 2708 interval·

124 2757 130 2765 ·
147 2725 200 2788 lot
218 2727 336 2808 ibique,
347 2745 442 2808 quam
454 2721 667 2795 occultissime
680 2739 793 2808 potest,
807 2745 880 2789 cum
894 2726 1040 2790 omnibus
1052 2725 1162 2809 copiis,
1173 2729 1345 2810 opperitur«

148 2811 215 2876 Sed
230 2814 284 2876 ubi
297 2813 367 2876 dies
382 2813 483 2896 cepit,
497 2826 530 2876 et
546 2811 709 2891 Numida,
719 2811 798 2875 nihil
807 2811 920 2876 hostile
931 2815 1218 2893 metuentes,multi
1228 2816 1347 2900 oppido
1366 2829 1369 2834 '

594 2985 898 3036 lutuutttarntto.

130 3207 132 3212 ι
192 3129 204 3166 ¹
222 3127 323 3215 Atque
336 3128 443 3214 inopia
457 3129 643 3194 tolerabatur
646 3130 735 3216 saei·
799 3131 872 3194 ²Et
892 3125 969 3194 dicit
989 3150 1023 3193 se
1042 3129 1125 3195 inter
1141 3130 1344 3218 praedandum

148 3213 223 3293 litis,
243 3227 272 3278 et
290 3215 343 3292 ihi,
358 3228 389 3278 et
410 3218 493 3279 inter
510 3237 610 3282 omnes
626 3218 736 3302 Afros,
756 3215 788 3282 ed
803 3228 964 3284 uenturum
974 3229 1048 3300 post
1056 3231 1174 3304 paucos
1189 3223 1265 3283 dies.

68 3309 71 3318 ⁴
148 3302 203 3388 qui
219 3300 366 3386 proculci
383 3305 468 3366 'mori
488 3302 636 3366 incultius
653 3306 736 3366 uioe-
800 3305 812 3339 ³
839 3305 882 3366 Et
910 3317 1014 3366 castra
1038 3307 1156 3388 posuit,
1178 3319 1343 3394 postquam

148 3389 240 3458 baum
255 3390 327 3474 quia
339 3385 480 3452 Numida·
485 3389 664 3475 plerumque
675 3390 735 3452 luc·
753 3399 813 3472 per
828 3395 921 3453 totam
936 3403 1052 3454 noctem
1067 3391 1275 3480 itersemsset.

149 3486 181 3538 te
195 3487 225 3538 et
239 3495 333 3540 corne
341 3473 451 3559 serimi
467 3475 677 3539 uescebantur.

686 3641 804 3692 NOTAE.

178 3768 196 3804 a
212 3751 304 3818 lugu]
333 3755 391 3812 Quae
407 3753 569 3818 indesinenter
583 3755 736 3820 scaturiebat
790 3749 806 3800 f
812 3747 917 3814 laris]
927 3751 956 3800 ln
969 3745 1168 3815 Genitivo,nam
1179 3753 1205 3805 in
1214 3754 1342 3822 loquutus
1418 3791 1423 3806 .

145 3823 282 3888 refluebat.
756 3813 838 3868 fuisse
851 3817 1001 3882 aliquando,
1011 3829 1175 3884 compertum
1189 3834 1239 3874 est.
1261 3827 1343 3875 Crete·

81 3901 84 3908 ·
178 3891 195 3938 b
224 3885 344 3950 catera]
379 3885 575 3937 Adverbialiter
597 3883 732 3950 positum:
755 3901 815 3935 rum
833 3887 858 3936 in
877 3885 1033 3949 quibusdam
1051 3889 1189 3940 codicibus
1207 3891 1341 3944 invenitur

146 3955 233 4022 quoad
245 3963 350 4006 caetera.
755 3955 851 4004 Lun'm.
974 4001 977 4007 .

179 4039 194 4072 c
207 4019 391 4084 Irritamenta]
413 4021 454 4070 Its
464 4027 590 4072 vocantur
604 4027 731 4080 stomata,
788 4035 808 4086 g
819 4017 936 4082 Lerina]
949 4022 1049 4070 Peoora
1060 4023 1199 4074 mactando
1211 4023 1289 4074 simul
1302 4024 1340 4074 lu·

111 4113 116 4122 ·
145 4095 175 4140 et
187 4105 359 4156 quacumque
372 4089 486 4154 palatum
498 4088 632 4139 vellicant.
754 4089 843 4152 opiam
851 4085 979 4138 frumenti
988 4087 1112 4152 leniebat,
1122 4095 1151 4140 et
1161 4090 1234 4140 coria
1241 4089 1338 4156 quibus

179 4155 198 4208 d
209 4157 297 4220 ,tr-ran]
308 4157 340 4208 ld
350 4165 401 4218 est,
412 4160 579 4220 agricultura.
754 4163 828 4206 utres
840 4153 944 4217 fierent,
956 4154 1072 4221 parabat.

145 4289 165 4340 A
180 4239 196 4272 e
207 4225 355 4290 Agendum]
372 4226 432 4292 elliu
442 4225 517 4291 qu’ils
529 4227 563 4276 les
575 4225 729 4278 tractassent
786 4223 904 4288 hallam]
917 4221 960 4274 Ad
971 4236 1068 4292 uquam
1079 4221 1271 4291 continendam.
1312 4285 1314 4294 Ι

164 4301 303 4342 euunteua.

930 4374 953 4418 U
