3034 5054
405 383 408 388 ¹
488 298 990 368 osnenonomnuns.
1266 309 1328 382 235

147 469 323 536 incivitate
344 471 496 536 ²secessio
511 471 582 551 suit,
597 493 781 557 semperque
795 472 964 536 nobilitatis
979 491 1053 554 opes
1068 469 1229 536 diminutae
1245 486 1327 549 sunt,

147 571 182 620 et
192 557 248 641 jus
262 557 366 641 populi
382 559 614 641 amplificatum.
645 560 707 624 Sed
724 559 827 641 plebes
843 557 882 620 ed
897 553 994 618 libere
1011 555 1156 638 agitabat,
1171 557 1244 638 quia
1259 558 1327 620 nul-

147 643 210 706 lius
226 644 361 726 potentia
376 665 469 727 super
483 645 569 726 leges
582 659 664 718 erat;
684 667 783 727 neque
804 644 935 720 divitiis,
950 657 1003 705 aut
1016 642 1158 724 superbiai
1173 644 1228 702 sed
1249 643 1328 706 borni

145 725 244 804 famei,
272 727 424 812 factisque
449 728 593 806 fortibus,
617 731 729 803 nobilis
755 730 922 812 ignobilem
952 727 1104 790 anteibat-z
1132 725 1327 796 humillimus

147 813 282 896 quisque
297 813 328 876 in
349 811 476 890 barmis,
490 831 543 879 aut
558 817 677 893 militia,
691 816 805 878 nullius
827 815 962 876 honestae
976 813 1022 874 rei
1038 834 1143 896 egens,
1158 809 1234 875 satis
1256 810 1327 890 sibi,

145 894 285 981 satisque
300 901 418 984 patria,
432 915 507 963 erat.
552 901 625 977 Sed,
640 904 694 965 ubi
709 923 763 964 eos
778 901 925 984 paulatim
940 898 1084 983 expulsos
1095 898 1189 980 agris,
1205 897 1327 975 inertia,

146 997 241 1067 atque
264 984 368 1068 inopia
388 986 521 1049 incertas
543 988 654 1050 domos
675 986 788 1050 habere
810 985 953 1068 subegit3
975 985 1095 1066 eoepcire
1117 982 1231 1048 alienas
1251 1004 1326 1064 opes

145 1083 263 1150 petere,
273 1069 446 1133 libertatem
463 1091 551 1134 suam
568 1093 640 1136 cum
659 1072 816 1155 republica
830 1067 971 1134 venalem
988 1070 1111 1132 habere.
1157 1068 1205 1131 Ita
1221 1071 1326 1152 paula-

144 1153 203 1216 tim
216 1155 360 1238 populus,
375 1158 430 1238 qui
440 1157 587 1220 dominus
602 1172 668 1220 erat
677 1173 710 1220 et
720 1157 839 1219 cunctis
854 1157 997 1238 gentibus
1013 1154 1218 1237 imperitabat,
1228 1155 1326 1236 dilap-

138 1257 199 1302 sus
215 1255 282 1313 est3
305 1255 337 1304 et
350 1261 407 1324 pro
422 1243 581 1305 communi
595 1242 739 1326 imperio,
753 1238 900 1324 privatim
916 1241 980 1304 sibi
993 1240 1126 1322 quisque
1142 1240 1328 1302 servitutem

144 1325 278 1406 peperit.
322 1327 399 1389 Haec
413 1327 510 1408 igitur
528 1329 697 1390 multitudo
711 1326 853 1408 primbm
868 1327 957 1390 malis
973 1327 1112 1388 moribus
1126 1324 1255 1400 imbuta,
1271 1325 1327 1386 de·

143 1409 219 1472 inde
239 1412 272 1472 in
293 1425 385 1488 artes,
398 1413 542 1491 vitasque
556 1413 659 1475 varias
684 1411 863 1492 ‘dispalataa
878 1412 963 1495 nullo
984 1410 1080 1474 modo
1102 1409 1183 1471 inter
1201 1431 1234 1471 se
1252 1430 1325 1476 cone

131 1515 272 1575 ¹gruere,
286 1516 397 1578 parum
412 1495 489 1557 mihi
502 1496 632 1578 quidem
643 1495 756 1558 idonea
765 1496 890 1558 videtur
899 1496 939 1557 ad
950 1495 1171 1578 capessendam
1182 1495 1325 1577 rempub.
1366 1501 1384 1533 ·³'

145 1578 317 1656 Caeteritm,
332 1581 448 1644 additis
463 1581 552 1642 novis
572 1580 705 1656 civibus,
718 1600 831 1662 magua
847 1601 897 1642 me
914 1602 985 1664 spes
1005 1595 1100 1654 tenet,
1111 1579 1190 1656 fore,
1204 1594 1239 1642 ut
1257 1592 1326 1642 om.

142 1681 200 1726 nes
215 1662 468 1746 expergiscantur
482 1664 524 1726 sd
535 1664 728 1728 libertatemr
745 1667 860 1748 quippe
872 1664 947 1726 crim
959 1665 1019 1726 illis
1030 1665 1180 1726 libertatis
1191 1659 1326 1727 retinen·

142 1747 202 1823 dae,
217 1749 288 1810 ttim
300 1749 358 1809 tiis
380 1749 539 1810 servitutis
560 1749 749 1822 amittendae,
768 1769 842 1812 cura
863 1751 992 1812 orietur.
1036 1749 1108 1820 Hos
1127 1771 1188 1832 ego
1203 1771 1327 1827 censeo,

144 1832 318 1914 permixtos
334 1851 405 1894 cum
421 1832 579 1893 veteribus
592 1852 701 1907 novos,
716 1830 748 1892 in
763 1832 893 1893 coloniis
902 1834 1089 1905 constituam
1111 1833 1252 1898 ita-etres
1266 1833 1326 1896 mi·

142 1917 243 1980 literis
257 1917 433 2000 opulentior
446 1915 516 1995 erit,
531 1931 563 1978 et
578 1916 682 1999 plebes
698 1917 786 1978 bonis
801 1916 935 2000 negotiis
950 1916 1101 1997 impedita
1115 1918 1232 1980 malum
1247 1921 1325 1998 pub·

142 2001 241 2064 licum
256 2001 358 2066 facere
374 2001 506 2065 desinet.
551 2001 613 2063 Sed
628 2021 689 2064 nou
704 2001 820 2064 inscius
835 2021 936 2084 neque
957 2002 1139 2082 imprudens
1154 2024 1235 2078 sum,
1251 2001 1328 2066 crim

143 2107 183 2151 ea
200 2109 251 2151 res
270 2103 399 2170 agetur;
422 2109 490 2170 quac
505 2087 635 2164 saevitia,
649 2106 757 2169 quaeve
779 2101 978 2169 tempestates
993 2086 1156 2148 hominum
1173 2089 1328 2150 nobilium

130 2173 256 2238 iuturae
271 2173 351 2248 sint;
365 2171 439 2236 crim
453 2172 699 2254 indignabuntur
712 2171 817 2235 omnia
828 2171 972 2236 funditus
987 2172 1123 2248 misceri,
1135 2173 1271 2254 antiquis
1283 2172 1327 2236 ci,-

145 2259 239 2322 vibns
260 2257 361 2321 dhane
377 2257 559 2322 servitutem
578 2257 708 2341 imponi,
721 2277 855 2340 reguum
877 2258 1012 2340 denique
1028 2279 1068 2320 ex
1090 2257 1185 2320 liberi
1202 2259 1329 2322 civitate

144 2343 298 2421 futurum,
312 2345 366 2408 ubi
381 2344 475 2408 unius
494 2362 624 2406 munere
644 2343 813 2407 multitudo
828 2343 936 2426 ingens
952 2345 983 2406 in
1003 2343 1162 2406 civitatem
1178 2364 1328 2426 pervene-

142 2430 196 2492 rit.
241 2429 401 2512 Equidem
408 2449 476 2514 ‘ego
496 2430 541 2492 sic
556 2429 640 2513 apud
661 2429 801 2493 animum
823 2449 930 2492 meum
946 2443 1059 2506 statuo,
1074 2429 1191 2512 malum
1208 2427 1329 2496 facinus

143 2515 178 2577 in
205 2537 239 2578 se
269 2514 476 2593 committere,
506 2515 561 2598 qni
590 2514 791 2577 incommodo
819 2513 898 2597 reip.
925 2517 1057 2596 gratiam
1084 2515 1144 2574 sibi
1173 2514 1327 2594 conciliet,

143 2601 236 2664 eUbi
251 2602 367 2665 bonum
381 2601 540 2684 publicum
552 2600 647 2664 etiam
658 2600 805 2682 privatim
818 2600 887 2662 usui
903 2613 960 2675 est,
976 2601 1010 2662 id
1025 2597 1257 2662 verodubttare
1274 2621 1328 2683 ag-

144 2687 246 2768 gredi,
267 2687 428 2762 socordiae,
447 2702 540 2770 atque
565 2686 698 2769 ignaviae
714 2687 807 2748 duco.
853 2684 906 2746 M.
933 2685 1028 2746 Livio
1054 2682 1183 2746 fDruso
1205 2705 1329 2766 semper

141 2771 308 2836 consilium
330 2770 403 2851 fuit,
418 2773 451 2835 in
471 2773 631 2836 tribunatu
651 2773 773 2834 summai
791 2790 850 2852 ope
869 2769 926 2832 niti
946 2791 1003 2854 pro
1022 2771 1202 2842 nobilitate;
1225 2791 1328 2853 neque

143 2855 240 2919 ullam
254 2874 320 2919 rem
336 2857 368 2918 in
383 2856 536 2941 principio
550 2877 642 2938 agere
663 2856 806 2932 intendit,
820 2855 881 2917 nisi
902 2855 945 2918 illi
962 2870 1103 2924 auctores
1119 2856 1245 2917 fierent:
1269 2858 1328 2920 secl

143 2941 288 3004 homines
311 2941 467 3018 gfactiosi,
491 2943 609 3025 quibus.
627 2941 717 3004 dolus
741 2957 834 3023 atque
857 2939 985 3016 malitia,
1001 2941 1063 3004 fide
1087 2942 1206 3003 cariora
1229 2956 1329 3018 erant,
1364 3017 1366 3023 Ι

143 3026 198 3088 ubi
231 3026 457 3101 intellexerunt,
486 3049 544 3110 per
570 3047 668 3090 unum
703 3026 863 3089 hominem
901 3023 1107 3087 hmartimum
1142 3025 1329 3104 beneficium

145 3111 251 3176 multis
274 3113 456 3177 mortalibus
477 3113 566 3188 deri5
589 3112 736 3176 videlicet
757 3128 789 3176 et
811 3109 888 3174 ¹sibi
911 3111 1043 3193 quisque
1066 3111 1218 3187 conscius,
1244 3111 1328 3174 malo
1403 3149 1404 3154 κ

523 3267 525 3274 ’
584 3283 882 3333 rnraurnnrnrro.

185 3393 250 3454 ¹Et
263 3393 378 3458 scilicet
391 3395 519 3480 quisque
537 3394 675 3456 conscius
692 3393 752 3453 sibi
772 3413 806 3476 se
826 3413 890 3455 esse
903 3391 1004 3456 oniaco
1021 3392 1099 3454 malo
1115 3403 1207 3476 atque
1222 3373 1327 3481 iarios,

143 3479 393 3543 existimaverunt
407 3481 443 3542 de
457 3479 672 3564 Drueojuxta
685 3499 721 3540 oc
735 3477 772 3540 de
785 3497 828 3540 se.

677 3623 793 3673 NOTAE.

174 3749 192 3784 a
202 3735 378 3798 Sececcime
389 3735 422 3786 iis
429 3733 485 3802 jam
495 3733 591 3800 saepibs
600 3731 725 3786 vidimus.
778 3733 858 3784 ech'
875 3731 978 3794 bonum]
999 3728 1109 3790 Dii-ecte
1129 3727 1252 3792 dixisset,
1277 3734 1327 3782 Ubi

174 3800 193 3850 b
204 3802 306 3864 dli-mie]
323 3801 470 3866 Ingeniosd,
479 3806 513 3853 ad
525 3801 657 3852 sitandam
669 3809 724 3850 tau-
743 3801 828 3850 bonum
839 3801 911 3850 etiam
923 3800 1023 3862 publice
1035 3801 1092 3847 usui
1103 3809 1158 3848 stt.-
1177 3813 1267 3848 verum
1282 3800 1327 3848 ho-

140 3864 723 3935 tologiam,Sallustioindignam:Douzapco
743 3861 846 3916 nest'uls
868 3865 1010 3928 expressit,
1034 3861 1095 3914 clim
1115 3861 1203 3932 primd
1223 3865 1326 3929 publici

142 3938 224 3995 armo,
234 3939 312 3985 nnius
323 3935 407 3986 literae
423 3936 476 3986 levi
490 3935 647 3994 mutatione,
654 3937 724 3985 urnis
744 3932 805 3981 boni
819 3932 947 3988 rationem
960 3931 1060 3981 babuit.

141 4001 268 4060 reposuit,
299 4045 300 4050 ,
406 4054 408 4058 ,
776 3997 912 4060 svessa]
948 3997 1089 4048 Politicum
1106 3997 1192 4048 virum
1213 3995 1247 4046 de
1272 3996 1324 4052 isto

177 4065 371 4132 emmonim]
393 4067 426 4118 ld
445 4077 495 4128 est,
520 4071 639 4132 dispersa,
660 4063 721 4118 ctlru
744 4065 876 4116 Velleium
885 4063 1002 4114 adivisse
1014 4078 1177 4129 nequequam
1186 4061 1297 4125 pigebit.

142 4128 215 4182 aliud
224 4133 267 4184 ulii
279 4149 360 4202 genus
372 4135 432 4185 vitae
443 4142 626 4198 sequerentur.
777 4147 796 4197 g
819 4131 947 4193 Paccium]
978 4133 1017 4180 De
1041 4129 1171 4188 nobilibus
1196 4128 1325 4192 loquitur,

176 4195 278 4250 (ΗΜ
291 4203 448 4265 sevitutem]
470 4202 502 4252 Id
518 4208 569 4260 est,
582 4205 631 4251 laec
642 4204 721 4252 omitia
743 4199 861 4263 itemque
875 4206 976 4254 senatu,
988 4197 1037 4262 qui
1048 4201 1161 4246 Dru-sum
1174 4195 1274 4248 senatui
1287 4196 1326 4262 ip.

142 4269 170 4313 m
187 4268 310 4333 aivitmerp
327 4271 420 4329 induci,
436 4279 465 4320 ut
485 4271 607 4328 veteribus
625 4271 721 4324 civibus
743 4265 766 4315 si
775 4264 906 4315 faventem
916 4279 963 4331 per
976 4264 1098 4314 invidiam
1109 4272 1306 4335 oppresse-runt.

145 4333 425 4401 servitusimpmeretue.
491 4330 494 4353 ''
777 4331 965 4396 ltMoxt'mum]
975 4331 1115 4390 Civitatem
1127 4327 1242 4381 scilieet,
1312 4355 1318 4384 ι
