3070 5034
199 299 250 362 ss
662 260 913 356 ssetusrn
937 371 938 374 Ν

198 465 220 500 “
235 461 375 528 oratione
395 460 592 546 imperatoris
608 458 687 529 fieri.
733 444 860 538 Quanta
879 459 1034 547 cujusque
1053 462 1159 529 animo
1176 460 1319 542 audacia,
1334 483 1389 526 na-

196 553 218 588 “
234 551 312 623 turri,
325 563 379 612 aut
392 549 553 612 “moribus
564 547 659 625 inest,
671 564 754 612 tanta
769 547 802 610 in
818 548 898 610 bello
911 562 1019 631 patere„
1029 549 1117 611 solet.
1155 546 1265 622 Quem
1274 569 1386 632 neque

196 633 218 672 “
233 635 342 719 gloria,
354 653 454 718 neque
470 634 608 716 pericula
625 633 771 708 excitant,
786 633 995 717 nequicquam
1011 633 1146 697 hortere.
1191 633 1308 698 Timor
1318 637 1385 698 ani·

155 779 158 786 ,
195 723 217 756 “
233 719 277 782 mi
296 721 422 784 auribus
439 721 543 784 officit.
588 719 652 786 sed
667 741 727 802 ego
743 741 810 797 vos,
826 717 890 802 qud
908 739 1006 802 pauca
1021 740 1193 796 monerem,
1208 721 1386 794 advocavi;

195 808 217 842 “
232 807 327 871 simul
339 801 384 873 uti
400 827 526 870 causam
542 803 766 870 bconsilii'tnei
783 806 948 890 aperirent.
972 804 1066 868 Scitis
1083 803 1244 888 equidem,
1257 806 1390 884 milites,

194 895 216 929 “
231 892 385 970 socordis,
399 904 493 974 atque
516 892 639 975 ignavia
664 891 803 976 Lentuli,
821 907 970 974 quantam
991 891 1062 974 ipsi,
1086 893 1237 974 nobisque
1261 893 1387 956 cladem

194 981 216 1014 “
232 979 388 1050 attuleritr
406 999 531 1060 quoque
547 979 654 1056 modo,
666 979 743 1041 dum
759 999 799 1045 ex
813 979 888 1039 urbe
904 976 1049 1061 praeaidia
1064 976 1222 1061 opperior,
1234 977 1266 1040 in
1284 979 1389 1042 Galli-

194 1067 215 1102 “
233 1085 283 1126 am
296 1063 450 1148 proficisci
466 1066 675 1150 nequiverim.
700 1065 795 1130 Nunc
811 1063 900 1138 vero,
911 1085 975 1146 quo
985 1063 1172 1126 inlocorcs
1187 1079 1298 1126 nostre
1311 1067 1391 1144 sint,

193 1153 218 1194 ‘⁶
227 1150 321 1236 juxta
332 1170 456 1212 mecum
473 1171 581 1215 omnes
594 1151 778 1232 intelligitis.
824 1148 992 1214 Exercitus
1006 1141 1237 1223 hostium‘duu,
1248 1172 1329 1214 unus
1348 1153 1388 1212 ab

194 1241 215 1274 ‘⁸
232 1237 320 1312 urbe,
332 1236 409 1298 alter
423 1233 441 1298 ὲ
458 1237 560 1299 Gallie
576 1237 718 1300 obstant:
742 1233 864 1304 diutius
879 1235 910 1298 in
927 1235 975 1296 his
991 1235 1067 1298 locis
1079 1256 1160 1310 esse,
1176 1236 1204 1296 si
1221 1235 1385 1299 maxime

193 1321 354 1386 “animus
379 1321 471 1400 fetat,
494 1319 644 1388 frumenti
669 1339 762 1403 atquc
788 1323 918 1384 alierum
944 1341 1051 1402 terum
1076 1337 1199 1404 egestas
1225 1322 1385 1403 prohibet.

192 1410 215 1445 “
231 1403 433 1492 Quocunque
447 1408 492 1471 ire
507 1407 715 1490 placet,ferro
727 1409 787 1470 iter
802 1409 1006 1490 aperiendum
1019 1421 1078 1469 est.
1113 1405 1316 1492 Quapropter
1329 1417 1386 1472 voa

192 1495 214 1532 “
230 1515 355 1567 moneo,
370 1495 416 1556 uti
431 1491 515 1572 sorti,
531 1508 623 1578 atque
636 1509 743 1576 parato
759 1492 863 1557 animo
875 1490 942 1555 sitis
956 1518 965 1565 ;
981 1508 1025 1569 et,
1036 1491 1111 1556 eum
1128 1493 1272 1574 praelium
1291 1493 1386 1558 inibi·

188 1583 214 1622 ⁴⁸
230 1577 281 1654 tis,
295 1578 513 1655 memineritis,
524 1601 580 1643 voe
596 1579 735 1654 divitias,
750 1580 859 1655 decus,
872 1579 1016 1661 gloriam,
1030 1591 1177 1669 praeterea
1193 1581 1384 1658 libertatern,
1420 1648 1427 1658 ‚

192 1669 213 1704 ‘⁶
229 1679 323 1748 atquc
339 1664 472 1749 patriam
488 1664 520 1726 in
536 1665 657 1731 dextris
671 1665 783 1734 vestris
798 1679 933 1747 portare.
948 1679 949 1682 ’
978 1664 1011 1726 Si
1024 1664 1190 1739 vincimus,
1202 1666 1309 1728 omnia
1324 1685 1382 1728 no·

191 1755 213 1790 ‘⁸
229 1751 277 1814 bis
299 1765 365 1814 tuta
388 1763 497 1824 erunt}
521 1752 742 1814 ccommeatus
765 1752 900 1823 abunde,
925 1751 1109 1834 municipia,
1136 1764 1228 1832 atque
1252 1752 1384 1814 coloniae

191 1841 212 1874 ‘⁴
227 1831 411 1919 dpatebunt.
455 1834 511 1902 Sin
526 1851 613 1904 metu
633 1835 832 1913 cesserimus,
846 1836 958 1900 eadem
974 1836 1027 1899 illa
1041 1837 1175 1901 adversa
1191 1837 1282 1902 fient:
1306 1846 1385 1900 ene·

191 1926 212 1962 ‘⁸
228 1943 291 2006 que
306 1924 394 1986 locus
409 1943 511 2006 neque
526 1923 646 1988 amicus
663 1921 829 2005 quisquam
841 1937 938 2005 teget,
954 1943 1049 2005 quem
1062 1941 1149 1984 arma
1164 1941 1227 2004 utin¹
1236 1925 1385 1988 texerint.

189 2011 212 2046 “
229 2009 398 2084 Praeterea,
415 2009 530 2072 milites
543 2029 607 2072 non
622 2009 734 2072 eadem
748 2009 849 2084 nobis,
862 2023 896 2070 et
917 2009 978 2070 illis
992 2006 1193 2072 necessitudo
1209 2009 1383 2095 impendet.

191 2099 212 2135 ‘⁶
230 2097 301 2158 Nos
310 2115 368 2178 pro
378 2095 487 2176 patria,
495 2116 552 2177 pro
559 2094 712 2170 libertate,
718 2095 1025 2176 proviticertamum
1038 2091 1383 2178 illisfsupervacaneum

189 2184 211 2225 *⁸
228 2197 276 2246 est
290 2201 347 2266 pro
363 2181 499 2264 potentii
514 2199 686 2263 paucorum
701 2200 851 2264 pugnare.
898 2177 975 2254 Quo
989 2179 1142 2247 audacius
1158 2180 1382 2264 aggredimini,

191 2270 213 2306 “
228 2289 385 2336 memores
396 2265 533 2348 pristine
549 2266 685 2330 virtutis.
730 2266 839 2333 Licuit
850 2267 940 2328 vobis
954 2287 1027 2329 cum
1043 2267 1166 2328 summi
1182 2268 1382 2351 turpitudine

190 2359 211 2390 ¹⁶
227 2353 260 2416 in
281 2349 392 2420 exsilio
406 2367 529 2416 aetatem
551 2373 657 2435 agere,
679 2353 825 2436 potuistis
848 2353 987 2414 nonnulli
1003 2351 1126 2429 Romae,
1141 2354 1264 2418 amissis
1281 2354 1383 2430 bonis,

188 2442 208 2476 “
226 2439 341 2504 alienas
356 2447 454 2522 ssopes
468 2453 654 2522 expectarer
677 2439 751 2522 quia
768 2439 820 2502 illa
837 2440 929 2512 leda,
951 2445 1044 2520 atque
1064 2438 1259 2503 intoleranda
1279 2437 1384 2503 hviris

187 2529 210 2564 ⁴·
228 2527 425 2601 videbantur,
447 2521 528 2596 iherc
551 2526 641 2611 sequi
663 2525 859 2587 decrevistis.
904 2525 938 2586 Si
960 2521 1051 2586 ¹‘haec
1072 2524 1251 2608 relinquere
1275 2527 1384 2604 vultis,

187 2615 209 2650 “
225 2609 372 2676 ¹audaciai
388 2631 467 2693 opus
482 2624 540 2674 est.
566 2611 685 2686 Nemo,
700 2609 759 2676 nisi
776 2610 887 2686 victor,
899 2632 974 2693 pace
986 2610 1102 2672 bellum
1119 2613 1266 2674 mutavit.
1292 2613 1382 2676 Nam

189 2699 210 2738 ‘²
228 2699 258 2760 in
275 2698 348 2780 fugis
363 2697 495 2760 salutern
511 2691 647 2780 sperare,
662 2695 757 2760 icum
769 2716 865 2769 arma,
876 2698 947 2780 quis
963 2717 1075 2779 corpus
1087 2697 1214 2777 tegitur,
1225 2699 1264 2760 ab
1279 2697 1381 2762 hosti·

187 2789 208 2834 4⁶
225 2783 284 2854 bus
298 2793 321 2828 ¹³¹
331 2801 485 2860 avertere,
501 2782 629 2847 caveri)
642 2782 802 2846 dementia
817 2799 875 2850 est.
909 2783 1039 2866 Semper
1055 2782 1086 2846 iu
1101 2781 1207 2864 praelio
1223 2781 1263 2846 iis
1275 2785 1380 2848 maxi·

565 2893 568 2896 ’
630 2913 931 2963 rursnesursuro.

228 2999 410 3110 'Qumis
425 3024 717 3090 maximevellemus.
796 3036 860 3088 tere
873 3023 910 3084 ob
925 3021 1062 3086 hostibus
1077 3041 1176 3101 orma,
1190 3021 1299 3109 quibus
1313 3043 1382 3092 cor·

228 3112 335 3173 ²Nom
350 3109 501 3172 dementia
515 3123 571 3185 est,
584 3122 712 3193 sperare
722 3131 770 3171 sa·
790 3122 853 3194 pus
869 3111 998 3192 tegitur.

183 3199 276 3260 tutem
292 3197 325 3258 in
326 3193 428 3282 sagei,
439 3205 530 3280 alque
545 3196 672 3282 insuper
684 3217 769 3260 auer-

728 3342 842 3393 NOTAE.

216 3493 232 3526 a
243 3473 378 3536 assellam]
392 3475 523 3530 Exercitio
534 3483 559 3522 et
570 3477 734 3526 arneetndlne
792 3489 852 3524 cum
868 3471 984 3524 ferocior
1001 3469 1030 3523 fit
1046 3471 1073 3522 in
1090 3473 1216 3526 libertate
1233 3473 1283 3525 sud
1297 3474 1382 3529 vindi·
1443 3495 1450 3507 ν

103 3545 105 3548 ’
194 3543 234 3600 „b
247 3543 365 3604 Caruilii]
376 3543 508 3607 iutelligit
519 3541 552 3592 de
566 3539 686 3604 consilio,
698 3557 768 3592 ntan-
791 3541 873 3591 corrdl
887 3541 971 3594 dolor.
982 3539 1062 3604 quiem
1076 3541 1102 3590 in
1116 3541 1215 3610 injuste
1225 3541 1381 3595 dominatio,-

182 3624 215 3662 πε
227 3625 287 3661 cum
300 3610 415 3658 Antonio
426 3608 586 3661 cenl'erendi.
791 3623 821 3656 ne
836 3607 1000 3658 defendenda
1014 3609 1155 3671 cupiditas.

217 3675 419 3740 eliminantes]
436 3673 777 3734 ltavocsntureaomniu
822 3690 842 3743 g
865 3675 947 3740 opes]
973 3675 1140 3741 Lurgltlones
1160 3679 1380 3742 puts,›Captataa

175 3759 240 3821 ¹quae
253 3744 286 3792 sd
297 3743 433 3792 exercitus
442 3744 589 3794 alimoniam
604 3749 733 3804 spectant.
789 3739 967 3791 hereditates.

216 3809 392 3872 dPuteduttt]
409 3811 441 3860 ld
453 3821 504 3870 ert,
517 3814 549 3868 iis
556 3820 652 3859 utemur
656 3809 765 3874 suuenlr'·
822 3807 839 3856 h
858 3805 945 3872 Viris]
968 3807 999 3858 Id
1016 3814 1067 3869 eat,
1087 3811 1221 3862 homnibus
1237 3811 1343 3860 trenes
1353 3819 1381 3858 et

181 3879 234 3930 sse.
789 3878 905 3925 cordatis.

214 3961 229 3996 e
243 3944 334 4006 Nepete
346 3941 430 4003 locus]
442 3941 556 3996 Minime
570 3943 664 3992 mirum
676 3943 697 3990 si
709 3941 768 3993 des·
823 3945 895 3992 illaec
907 3939 1000 4006 sepul]
1012 3944 1108 3994 Bellum
1119 3947 1207 4008 patrie
1217 3941 1336 3992 cradicare:

179 4011 266 4078 petati
283 4025 385 4064 onmes,
400 4010 447 4076 qui
464 4025 523 4062 cum
540 4009 657 4066 Cutilinti
675 4011 767 4072 persti·
821 4007 905 4058 kllaec
913 4010 1068 4072 relinquere]
1080 4011 1191 4067 Bellumr
1205 4016 1235 4060 ut
1244 4006 1283 4077 illi
1291 4007 1380 4060 olium

179 4083 280 4141 terunt,
293 4075 411 4129 adversis
425 4078 576 4128 vulneribus
587 4075 765 4126 conciderint:
788 4077 922 4126 succedat.

178 4145 223 4194 rel
236 4144 303 4207 ipsis
316 4143 446 4209 lapidibus
459 4147 560 4194 animos
573 4138 698 4212 hasc'ejus
710 4157 765 4193 ora·
820 4142 829 4191 l
848 4143 987 4204 dedorim]
1010 4141 1138 4194 Omnino:
1161 4157 1209 4190 nec
1230 4141 1311 4192 aliter
1332 4157 1380 4192 un·

180 4209 220 4266 tio
237 4211 367 4264 dedisset.
786 4225 865 4280 quarn
881 4212 992 4260 victoriis
1006 4213 1147 4276 quisquam
1160 4211 1262 4274 potitus
1274 4216 1326 4260 est.

211 4276 226 4326 f
236 4277 471 4341 Supervacuum]
498 4277 652 4348 Superstitem
669 4287 694 4330 st
711 4279 765 4328 ina·
821 4277 1098 4344 mssvct·tere‚]l'rout
1111 4273 1218 4328 filillud
1231 4275 1343 4344 insugi-

178 4348 230 4406 lib,
241 4358 364 4415 quosque
381 4341 447 4408 aded
465 4344 575 4400 iacilius
588 4354 631 4398 est
641 4345 744 4396 vincere
756 4366 762 4404 t
878 4353 884 4358 “

1422 4569 1428 4580 α

1507 4755 1508 4764 t
