3070 5034
183 241 225 301 aa
651 228 902 316 sanuusrn

182 409 294 486 divite,
305 429 406 491 neque
422 405 556 472 factione
573 428 645 478 oum
661 409 813 482 factios03
829 409 885 470 sed
901 428 972 472 cum
989 403 1129 485 mendo,
1144 406 1282 482 virtutes
1297 427 1373 472 cum

182 497 338 569 modesto,
353 497 492 578 pudore;
510 516 582 556 cum
599 494 775 568 innocente,
790 505 803 532 ³
813 495 996 558 abstinentiis
1012 497 1166 557 certabat:
1183 515 1265 570 esse,
1277 491 1373 578 quim

181 583 296 656 videri,
311 583 410 644 bonus
430 581 586 653 malebat;
608 579 662 656 ita,
680 579 744 660 qud
767 579 872 646 mimis
894 581 1026 662 gloriam
1050 581 1186 661 petebat,
1207 580 1247 642 ed
1269 583 1372 662 magis

182 668 422 748 adsequebatur.
468 667 652 748 Postquam,
668 667 712 728 uti
737 667 816 742 dixi,
830 685 956 728 senatus
979 667 1009 727 in
1029 665 1158 728 Catonis
1181 666 1373 746 sententiam

183 753 345 824 discessit;
362 753 469 814 consul
479 753 633 834 optimum
645 751 761 812 sactum
776 769 872 827 ratus,
887 750 1044 828 bnoctem,
1062 773 1130 833 quae
1141 751 1286 826 instabat,
1298 745 1372 814 ant&

181 859 305 922 capere,
318 839 444 920 nequid
456 860 495 900 eo
508 837 609 920 spatio
618 854 803 910 novaretur3
817 837 1031 912 ‘triumviros
1042 859 1109 918 quae
1125 838 1165 898 ad
1181 837 1374 924 supplicium

179 925 480 1008 postulabat,parare
487 924 578 1007 jubet
589 944 597 982 :
609 923 686 1005 ipse,
694 923 848 1006 praesidiis
859 923 1029 1005 dispositis.
1040 922 1212 986 Lentulum
1223 923 1255 984 in
1267 943 1373 984 earce-

179 1031 248 1072 rem
265 1010 413 1072 deducit:
438 1010 524 1072 idem
542 1009 576 1070 lit
591 1009 709 1070 caeteris
726 1029 781 1091 per
795 1024 952 1092 praetores.
969 1075 970 1079 ,
998 1009 1057 1071 Est
1079 1010 1110 1070 in
1132 1029 1255 1072 carcere
1271 1009 1374 1086 locus,

179 1095 267 1176 quod
283 1095 466 1158 Tullianum
483 1096 666 1178 appellatur,
681 1095 734 1157 ubi
751 1093 915 1176 paululum
931 1094 1109 1158 ascenderis
1125 1096 1165 1174 ad
1179 1095 1301 1169 laevam,
1311 1094 1372 1156 eir·

179 1182 259 1243 citer
273 1181 330 1243 xii.
347 1183 444 1264 pedes
459 1181 549 1243 homi
565 1182 744 1263 depressus.
790 1179 874 1242 Eum
897 1181 1042 1242 muniunt
1062 1181 1203 1260 undique
1227 1179 1373 1263 parietes,

93 1265 95 1268 ’
178 1281 274 1350 atque
290 1269 417 1350 insuper
432 1263 580 1329 deomena
595 1265 728 1348 lapideis
743 1265 936 1330 efornicibus
953 1267 1077 1330 vincta:
1095 1267 1152 1328 sed
1165 1263 1371 1344 sincultu,te-

178 1353 295 1434 nebris,
309 1353 408 1416 odore
425 1351 516 1429 loeda,
531 1366 624 1434 atque
640 1351 789 1414 terribilis
805 1353 876 1435 ejus
892 1351 999 1414 facies.
1025 1352 1063 1412 In
1078 1373 1151 1414 eum
1167 1353 1274 1414 locum
1287 1367 1369 1434 post-

178 1459 274 1520 quam
298 1439 455 1502 demissus
478 1437 646 1514 Lentulus,
661 1436 802 1499 vindices
825 1459 930 1499 rerum
956 1437 1145 1518 capitalium,
1161 1439 1276 1520 quilius
1292 1459 1371 1520 prae·

178 1539 304 1606 ceptum
317 1539 394 1600 erat,
407 1524 521 1604 laqueo
537 1524 642 1604 gulam
658 1522 793 1604 fregere.
834 1521 884 1584 Ita
900 1523 951 1582 ille
966 1524 1127 1604 patricius,
1143 1544 1183 1586 ex
1198 1538 1289 1605 gente
1304 1525 1368 1586 cla-

177 1610 303 1682 rissimi
318 1609 551 1683 Corneliorum,
566 1609 621 1689 qui
634 1609 795 1671 consulare
811 1607 980 1688 imperium
997 1607 1108 1669 Romae
1126 1609 1285 1686 habuerat,
1296 1609 1369 1692 dig-

177 1713 253 1756 num
272 1695 425 1770 moribus,
437 1691 590 1773 factisque
607 1693 815 1768 suis,ex1tum
828 1695 899 1754 vitae
914 1695 1042 1756 invenit.
1067 1695 1118 1756 De
1132 1695 1285 1776 Cethego,
1297 1695 1368 1759 Sta·

178 1778 258 1850 tilio,
275 1779 422 1855 Gabinio,
438 1773 584 1862 Cepario,
600 1779 713 1840 eodem
729 1779 825 1840 modo
841 1781 1029 1861 supplicium
1046 1797 1206 1863 sumptum
1223 1798 1282 1845 est.

163 1917 165 1922 .
223 1865 312 1927 Dum
329 1887 365 1926 ea
378 1863 487 1926 Romae
500 1879 662 1946 geruntur,
679 1863 813 1926 Catilina
828 1886 870 1926 ex
885 1867 971 1928 omni
988 1867 1108 1949 1copiti,
1120 1864 1215 1948 quim
1232 1869 1299 1950 ipse
1315 1867 1370 1932 ad·

178 1951 324 2026 duxerat,
341 1967 372 2012 et
390 1949 532 2012 Manlius
545 1949 696 2012 habuerat
711 1950 790 2013 duas
801 1952 941 2033 legiones
956 1961 971 2000 ἓ
984 1954 1138 2024 instituit;
1155 1954 1299 2032 cohortes
1314 1975 1371 2037 pro

99 2071 102 2076 ·
179 2057 314 2100 numero
329 2036 465 2098 militum
481 2027 659 2118 hcomplet;
675 2035 760 2111 dein,
770 2037 816 2098 uti
833 2039 967 2119 quisque
982 2040 1187 2116 voluntarius,
1202 2055 1255 2112 aut
1267 2061 1307 2103 ex
1318 2063 1368 2104 so-

178 2124 236 2186 ciis
252 2124 284 2184 in
300 2137 399 2184 castra
414 2121 512 2199 venit,
534 2115 715 2203 iaequaliter
736 2121 955 2187 distribuerat:
983 2145 1019 2185 ae
1042 2125 1130 2192 brevi
1147 2126 1248 2208 spatio
1271 2125 1371 2210 legio'·

177 2230 234 2270 nes
249 2207 408 2270 lnumero
424 2207 589 2292 hominum
606 2207 801 2289 expleverat;
819 2200 894 2268 elim
911 2208 1000 2272 initio
1015 2231 1077 2272 non
1092 2211 1230 2292 amplius
1245 2213 1369 2278 duobus

179 2289 321 2356 millibus
333 2292 501 2354 habuisset.
532 2285 596 2354 Sed
608 2313 648 2354 ex
660 2286 748 2353 omni
763 2291 852 2375 copii
866 2293 990 2356 circiter
1001 2315 1072 2378 pars
1084 2313 1195 2379 quarta
1206 2314 1272 2361 erat
1287 2299 1371 2360 mili-

179 2377 300 2442 taribus
313 2378 408 2441 armis
424 2379 590 2443 instructa:
608 2377 723 2456 eaeteri,
738 2378 785 2440 uti
801 2399 959 2461 quemque
973 2401 1066 2448 rasus
1082 2399 1268 2465 armaverat,
1282 2381 1371 2468 ¹spa-

620 2551 925 2602 INTERPRETATIO.

221 2705 382 2768 1Cotiiina
404 2706 543 2768 instituit
564 2704 641 2767 duas
663 2704 797 2790 legiones
820 2726 858 2768 ex
882 2706 1019 2770 omnibus
1038 2707 1184 2772 militibus
1205 2731 1281 2795 quos
1305 2714 1375 2796 ipse

179 2791 363 2871 adduxerat,
377 2803 407 2854 et
421 2789 562 2854 melius
577 2789 736 2854 habuerat.

715 2965 830 3017 NOTAE.

211 3089 227 3121 a
247 3072 422 3138 abstinentie]
446 3076 487 3124 lte
509 3080 550 3128 ut,
576 3089 660 3140 neque
686 3075 762 3126 alteri
818 3075 833 3126 f
841 3077 965 3144 dioclite]
978 3081 1034 3130 Hoc
1044 3087 1093 3140 est,
1103 3099 1137 3131 ex
1149 3100 1175 3133 eo
1186 3083 1254 3146 qued
1265 3087 1331 3136 laerta
1340 3087 1372 3135 ob

176 3141 315 3204 quicquam
334 3141 496 3203 dett-alteret,
511 3156 596 3208 neque
614 3141 677 3192 verti
694 3143 763 3193 dona
785 3147 918 3195 hominihus
928 3164 977 3195 non
988 3158 1043 3196 erne
1051 3148 1237 3211 frequentatus.

176 3206 399 3270 acciperevellet.
739 3267 741 3274 Ι
804 3212 1238 3278 ·ςΙηειίςυίι.]·θαΙΙκΙίονάοηηα.
1304 3235 1306 3240 ’

211 3267 364 3335 bll'octem.]
387 3273 417 3322 ld
439 3272 561 3335 estam?
578 3277 657 3324 omerio
673 3281 764 3340 eneam·
818 3279 836 3328 h
862 3277 992 3346 Cannici]
1013 3283 1159 3332 Numerum
1180 3299 1232 3335 non
1255 3277 1373 3334 habebat

177 3353 229 3402 qrtae
241 3345 267 3391 in
279 3349 365 3390 senatu
377 3344 407 3392 de
416 3345 552 3408 coturnatis
565 3345 664 3392 decreta
674 3356 762 3406 errent,
786 3344 913 3406 militurn,
923 3347 972 3413 qui
988 3361 1037 3412 pro
1052 3347 1155 3400 duabus
1171 3348 1319 3416 legionibus
1331 3367 1373 3402 re·

176 3408 457 3473 qudrnnonr'ngrneret.
534 3437 535 3442 =
784 3412 962 3476 quietatur,
987 3413 1110 3480 ideoque,
1133 3405 1200 3482 quos
1221 3417 1322 3480 habuit,
1345 3417 1373 3468 in

209 3491 225 3525 c
239 3473 417 3540 Triumviros]
432 3475 568 3540 capitales
580 3476 694 3538 scilieet,
704 3478 763 3543 qni·
785 3481 902 3544 singulas
914 3481 1048 3541 cohortes,
1061 3483 1159 3547 quibus
1172 3499 1235 3536 suus
1245 3496 1372 3536 numerus

175 3539 348 3610 buscanoeris
361 3551 389 3592 et
398 3544 532 3609 supplicii,
541 3533 596 3594 irnd
609 3553 636 3595 et
645 3545 762 3611 aliquan·
785 3561 835 3596 non
848 3547 969 3598 constitit
980 3549 1094 3612 partitus
1107 3557 1159 3600 est.

175 3607 211 3656 do
231 3608 420 3672 inquisitionis,
437 3625 502 3661 cura
519 3611 678 3662 demandata
694 3617 761 3672 erat,
819 3614 827 3662 i
841 3614 1002 3678 AEquoliter.]
1025 3618 1067 3664 Ita
1082 3624 1112 3666 ut
1125 3617 1235 3683 singulte
1249 3618 1371 3669 cohortes

178 3674 270 3724 Oetoit
282 3691 329 3724 ane
338 3677 422 3740 erpe‘ce
433 3681 463 3729 de
471 3680 622 3729 Lieutenaae
634 3677 762 3728 ctr'mmele.
785 3679 818 3729 de
831 3681 1031 3732 advenientibus
1044 3683 1157 3734 eundem
1171 3700 1309 3736 numerum
1324 3699 1372 3734 oob

208 3739 228 3789 d
243 3743 365 3804 Comere]
384 3745 438 3795 Une
449 3752 530 3796 volite.
784 3747 808 3796 ci
830 3758 913 3798 erent.

139 3849 143 3858 ,
206 3821 223 3857 e
242 3809 408 3873 struicibus]
431 3813 501 3868 Quid
522 3813 577 3862 sint
595 3812 645 3862 hoc
662 3810 688 3860 in
702 3811 760 3863 loco
849 3812 984 3878 tl'urnero]
1008 3816 1194 3868 Institutafuit
1208 3815 1279 3881 legio
1291 3810 1307 3864 l
1319 3817 1371 3864 Ro·

172 3873 288 3924 sornioes
300 3877 399 3936 nescio,
412 3877 462 3926 nisi
474 3888 596 3929 arcuatos
609 3877 710 3943 lapides
725 3881 761 3929 in·
785 3883 855 3932 mulo
868 3883 1003 3934 hominum
1019 3883 1096 3944 3000,
1107 3899 1165 3948 quae
1178 3891 1270 3948 postea
1282 3884 1371 3932 erevit

172 3941 337 4010 telligamus,
350 3943 493 4008 exquibus
512 3946 570 4010 ipsa
583 3961 688 3996 camera
700 3956 761 3996 oon·
780 3963 867 4014 usque
886 3945 919 4000 ad
938 3948 1015 4013 6000,
1027 3952 1115 4018 qualis
1129 3951 1180 4001 fuit
1193 3961 1310 4014 tempore
1321 3951 1372 4000 Ca·

172 4016 242 4067 stata
268 4009 310 4058 vel
331 4009 446 4059 circulos
467 4010 527 4062 illos
549 4019 574 4062 in
594 4013 707 4062 cameris
726 4014 759 4062 ad
782 4015 871 4066 tilinae.

171 4077 287 4152 speeiem
300 4076 381 4126 etiam
395 4079 627 4144 extantes,quales
638 4077 760 4130 visuntur
815 4081 824 4131 l
839 4080 955 4148 Sparta]
982 4087 1088 4150 Sporus,
1100 4088 1147 4134 aut
1164 4091 1272 4149 sporum,
1290 4081 1371 4132 rusti·

171 4158 199 4191 in
212 4141 337 4200 edificiis.
350 4144 493 4208 prasertim
505 4147 619 4197 Gothico
631 4161 703 4196 more
713 4161 759 4197 ex·
780 4164 840 4200 curn
855 4157 897 4202 est
910 4152 1005 4215 telum,
1019 4155 1045 4206 in
1063 4152 1170 4204 modurn
1188 4150 1264 4217 perlis
1281 4165 1371 4200 reour·

170 4209 277 4268 truotis,
288 4209 386 4276 quibus
404 4217 463 4262 totu
479 4225 588 4265 camerae
605 4220 634 4265 et
652 4213 756 4266 aedilicii
780 4213 849 4266 ium.

169 4275 253 4328 moles
266 4276 399 4331 innititur.
737 4339 740 4348 y
766 4309 772 4344 2
