3034 5060
13 1087 17 1142 l

436 333 639 401 BELLUM
661 330 1031 418 JUGURTHINUM·
1262 339 1320 400 147

143 513 166 548 “
181 508 259 572 teris
279 507 436 594 prosapia,
451 525 505 575 aut
524 510 692 574 multarum
713 507 919 592 ²imaginum‚
934 523 965 572 et
985 505 1135 580 bnullius,
1150 505 1315 592 stipendii:

144 600 166 632 ‘⁴
183 596 301 658 scilicet
315 610 349 660 ut
367 595 398 656 in
421 599 505 660 tanti
523 619 556 660 re
579 597 704 678 ignarus
718 596 858 658 omnium
876 595 1021 678 trepidet,
1036 593 1174 656 festinet:
1199 597 1318 658 ¹aumat

145 683 169 717 ‘⁴
186 681 318 762 aliquem
333 701 373 743 ex
388 683 504 764 populo
526 683 712 746 monitorem
727 680 818 746 officii
835 681 894 743 sui.
939 681 987 743 Ita
1007 680 1188 762 plerumque
1204 679 1318 757 evenit,

146 769 169 802 “
185 761 242 845 uti,
257 787 350 848 quem
365 787 423 828 vos
441 767 593 850 imperare
613 765 761 848 jussistis,
776 766 802 828 is
817 767 875 830 eibi
892 767 1108 850 imperatorem
1125 765 1220 828 alium
1236 786 1318 846 quae·

145 853 167 888 “
182 867 239 914 rat.
281 851 353 914 'At
371 871 432 932 ego
454 854 529 930 scio,
545 851 698 928 Quirites,
712 851 778 933 qui,
798 868 962 932 postquam
981 850 1121 914 consules
1141 849 1215 912 fac-ti
1237 866 1319 928 suut,

144 939 166 972 ‘⁴
182 932 247 999 acta
266 937 435 1021 majorum,
454 951 486 998 et
501 939 681 1002 Graecorum
701 937 847 999 militaria
868 951 1018 1019 praecepta
1036 935 1138 1016 legere
1154 937 1317 1019 ceperint:

145 1025 165 1070 ‘-‘
182 1020 322 1085 homiues
344 1021 559 1104 epraeposteri!
581 1020 707 1086 3ίίΝειιιι
725 1040 845 1104 gerere,
860 1042 954 1104 quam
971 1021 1048 1096 lieri,
1060 1037 1200 1107 tempore
1216 1037 1318 1104 poste·

140 1109 164 1144 ‘⁶
179 1107 257 1183 rius,
278 1128 324 1183 re,
342 1112 437 1188 ‘atque
457 1129 517 1170 usu
535 1108 632 1192 prius,
653 1121 711 1170 est.
756 1107 941 1190 Comparate
961 1127 1053 1181 nunc,
1075 1105 1225 1186 Quirites,
1244 1128 1318 1172 cum

138 1193 161 1228 “
178 1192 304 1255 illorum
319 1192 461 1274 superbia
477 1194 834 1256 me-hominemnovum.
879 1191 958 1266 Qnae
976 1193 1019 1254 illi
1035 1193 1155 1267 audire,
1170 1207 1201 1254 et
1213 1194 1318 1276 legere

136 1280 162 1315 ¹‘
178 1278 290 1353 solent,
304 1297 412 1340 eorum
428 1291 547 1359 partem
562 1277 640 1354 vidi,
655 1277 713 1340 alia
728 1291 853 1358 egomet
868 1279 962 1357 gessi.
1006 1275 1086 1351 Qua
1101 1277 1145 1338 illi
1160 1278 1268 1356 literis,
1278 1299 1317 1342 ea

141 1364 165 1398 ‘⁴
182 1383 242 1444 ego
253 1360 425 1439 militando,
439 1362 548 1426 didici.
586 1361 681 1428 Nune
693 1381 748 1424 vos
763 1367 956 1436 aestimate,
970 1359 1061 1438 faeta,
1076 1383 1114 1424 an
1125 1361 1207 1426 dieta
1223 1365 1319 1446 pluria

142 1449 165 1482 ‘⁶
181 1446 252 1509 sint.
287 1446 680 1524 contemnunenovinten
697 1466 809 1522 meam,
819 1467 880 1530 ego
894 1447 1017 1509 illorum
1032 1447 1201 1530 ignaviam.
1234 1448 1320 1512 Mihi

143 1535 166 1570 ‘·‘
183 1531 316 1608 fortuna,
332 1532 392 1594 illis
407 1534 518 1615 probra
532 1534 734 1616 objectantur.
766 1530 967 1614 Quamquam
983 1552 1043 1614 ego
1059 1546 1199 1596 naturam
1217 1554 1321 1614 uuam,

106 1651 110 1660 ·
141 1619 164 1652 “
177 1632 211 1678 et
224 1637 387 1682 comunem
400 1618 542 1688 omnium
557 1618 722 1690 existim03
738 1617 795 1678 aed
810 1615 1016 1680 fortissimum
1031 1637 1189 1700 quemque
1205 1628 1320 1702 egeue·
1360 1657 1367 1670 -

141 1705 165 1740 ‘⁴
179 1703 375 1766 rosissimum
386 1723 465 1764 esse.
497 1702 549 1766 Ae
563 1704 591 1766 ai
601 1703 669 1786 jam
684 1721 725 1764 ex
739 1703 876 1784 patribus
893 1702 1013 1779 Albini,
1024 1716 1077 1764 aut
1093 1703 1207 1768 Bestiae
1220 1707 1320 1786 quari

141 1789 295 1868 i‘poesen
310 1807 412 1860 mene,
427 1807 465 1848 au
487 1787 567 1862 illos,
586 1808 627 1848 ex
647 1808 681 1848 ee
703 1788 788 1866 gigni
811 1788 993 1860 maluerint;
1016 1787 1094 1870 quid
1115 1809 1319 1870 responsuros

109 1937 113 1947 ,
142 1875 165 1908 “
182 1872 319 1946 creditis,
333 1869 405 1944 nisi,
420 1891 487 1932 sese
504 1870 619 1932 liberos
643 1863 736 1950 quim
756 1869 890 1950 optimos
905 1872 1040 1932 voluisse
1051 1871 1071 1932 ἰ·
1087 1869 1185 1944 Quod
1201 1876 1227 1936 si
1245 1875 1321 1958 jure

47 1983 49 1989 ·
143 1959 165 1992 '⁸
182 1955 356 2038 despiciunt
372 1973 434 2031 me,
447 1951 580 2018 ffaciant
591 1955 675 2020 idem
691 1954 861 2036 majoribus
876 1956 960 2026 suia;
976 1955 1100 2036 quibus,
1113 1953 1170 2030 uti,
1182 1959 1270 2035 milii,
1280 1979 1320 2024 ex

141 2043 163 2078 “
180 2039 294 2103 virtute
310 2037 452 2102 nobilitas
469 2040 567 2122 caepit.
598 2039 744 2102 Invident
758 2038 972 2102 honorimeo:
992 2060 1066 2120 ergo
1081 2040 1263 2106 ginvideant
1275 2045 1320 2106 la·

140 2127 162 2162 “
179 2125 257 2206 buri,
267 2125 458 2208 innocentiae,
467 2124 613 2208 periculis
621 2125 716 2192 etiam
729 2124 822 2186 meist
840 2124 987 2204 quoniam
998 2145 1053 2206 per
1064 2125 1127 2188 haec
1139 2125 1320 2210 illumeepi.

90 2254 93 2260 -
140 2215 162 2254 ‘⁶
179 2210 303 2273 Verum
320 2212 461 2274 homines
472 2211 607 2293 corrupti
619 2209 763 2292 superbiai
777 2209 820 2272 ita
834 2225 956 2273 aetatem
972 2225 1077 2290 agunt,
1086 2211 1175 2292 quasi
1188 2211 1320 2276 honores

109 2307 111 2316 ⁴
140 2299 162 2333 ‘⁴
178 2311 299 2358 vestros
311 2310 528 2362 contemnante
551 2295 594 2358 ita
608 2295 666 2364 lios
680 2309 799 2377 petunt,
814 2295 903 2375 quasi
923 2292 1051 2358 honeste
1068 2295 1212 2360 vixerint.
1258 2297 1320 2360 Nae

140 2385 162 2424 ‘l
179 2380 223 2442 illi
236 2380 305 2444 falsi
318 2395 389 2444 sunt
398 2382 452 2462 qui
464 2380 694 2443 diversissimas
706 2399 755 2441 ree
767 2382 881 2461 pariter
892 2380 1200 2462 expectant,iguaviae
1212 2383 1320 2465 volup·

139 2467 161 2512 ‘⁶
178 2480 286 2548 tatem,
300 2482 331 2532 et
351 2463 367 2512 ¹²
376 2466 503 2552 praemia
518 2465 655 2529 virtutis.
700 2465 808 2546 Atque
827 2464 922 2528 etiam
941 2464 1015 2530 mim
1037 2465 1121 2559 apud
1134 2487 1202 2545 voe,
1217 2484 1270 2534 aut
1286 2472 1320 2534 iu

581 2578 878 2631 INTERPRETATIO.
1297 2579 1300 2586 '

184 2682 317 2746 ¹Sr'tmut
336 2682 465 2764 aliquem
479 2701 517 2743 ex
531 2679 653 2763 populo,
667 2681 720 2765 qui
755 2695 757 2702 ’
783 2677 795 2714 ³
828 2679 907 2740 Nam
938 2699 1049 2761 gerere
1078 2679 1244 2761 imperium
1274 2696 1320 2746 eet

137 2769 176 2831 dr
187 2763 281 2854 officio
295 2787 349 2830 ruo
361 2767 529 2830 admoueat.
677 2775 679 2782 ’
737 2762 832 2846 priris
844 2786 877 2826 re
890 2775 920 2826 rt
934 2765 1134 2847 experientii,
1144 2765 1319 2852 qucimfieri
1336 2827 1341 2838 ,

182 2852 249 2914 2Αι
259 2873 315 2936 ego
323 2853 465 2937 quaedum
474 2870 630 2936 cognosco,
641 2847 719 2935 Qui·
742 2851 910 2930 imperator
928 2851 1014 2931 quod
1034 2865 1081 2912 ost
1097 2853 1229 2934 tempor&
1245 2865 1318 2935 pre·

138 2940 228 3012 riter,
243 2939 305 3022 qui'
313 2949 473 3021 postquam
490 2935 625 3000 consuler
634 2935 719 3018 sacti
743 2935 850 3002 terius.

139 3035 224 3096 aunt,
251 3023 394 3104 ruperint
414 3022 515 3108 legere
534 3021 605 3082 ueta
626 3020 720 3112 majo·

140 3128 223 3186 mm,
236 3103 297 3173 &a

672 3207 787 3261 ruera.
820 3275 824 3284 Ι

175 3313 190 3359 'a
213 3308 376 3373 Imaginem]
397 3307 484 3360 Antea
501 3307 616 3360 vidimus
637 3309 719 3358 morie
775 3306 789 3356 f
797 3303 927 3370 Furiana]
939 3305 1319 3374 ldett,MuJoreaquoqrreauoe

138 3375 231 3432 suinae,
243 3376 370 3442 majorum
389 3376 514 3442 imagines
530 3373 635 3424 habere.
669 3377 720 3430 Per
742 3375 884 3438 demicione.

139 3439 348 3506 imaginesrerri,
358 3451 475 3494 veterem
485 3441 633 3508 prosapiam
645 3440 721 3494 iutel-
776 3456 795 3504 g
807 3438 957 3501 Irtuideuntl
968 3439 1121 3492 Nobilitatis
1130 3441 1214 3506 oarpit
1224 3442 1322 3508 ignavi-

139 3507 213 3574 tigit,
223 3523 302 3572 quatu
314 3508 425 3560 deridet.
444 3537 445 3546 κ
743 3521 793 3566 am,
805 3507 878 3568 quasi
891 3506 972 3566 dicat,
987 3507 1038 3556 Cirr
1049 3524 1096 3556 non
1109 3510 1206 3571 prieur
1220 3511 1256 3558 illi
1270 3527 1321 3561 rere

146 3625 147 3630 ,
176 3574 192 3623 b
204 3573 330 3636 Nulla'ue]
348 3573 377 3626 ld
386 3581 438 3636 eat,
449 3578 492 3643 qui
499 3587 623 3636 nunquam
628 3573 684 3638 suit
693 3578 719 3626 in
743 3575 863 3638 objectant
870 3572 1003 3636 pertenue?
1018 3574 1124 3622 Carrion
1135 3575 1261 3624 mirram?
1274 3579 1319 3628 lec.

138 3643 260 3692 exercitu.
775 3641 792 3690 lt
806 3637 937 3702 Praeme'u]
949 3639 1073 3700 Attende,
1085 3653 1181 3702 quero,
1193 3641 1226 3690 ad
1239 3644 1320 3695 Marii

171 3705 367 3772 ePnaepoateni]
390 3709 430 3758 Ita
442 3713 567 3760 venantur
578 3706 633 3772 qni,
646 3707 718 3772 quod
741 3721 861 3774 scopum:
880 3705 972 3754 virtuti
989 3703 1060 3754 sieut
1075 3714 1103 3753 et
1119 3705 1235 3770 ignaviae,
1254 3707 1320 3760 deii.¹

137 3773 321 3840 priruum'eat¹
338 3773 475 3828 ultimum:
497 3771 570 3844 quod
587 3773 717 3833 ultimum,
740 3771 795 3821 cias
806 3787 866 3823 suas
877 3787 936 3822 esee
948 3771 1030 3827 diuite
1049 3771 1096 3820 sed
1106 3784 1160 3834 qnae
1173 3773 1244 3824 illius
1257 3783 1320 3826 suut

136 3842 253 3906 primum
265 3847 437 3906 exequuntur.
740 3835 779 3888 ita
791 3838 824 3888 ab
834 3838 876 3888 his
888 3834 1005 3896 differre,
1015 3845 1045 3885 ut
1055 3837 1152 3890 nullius
1164 3840 1241 3892 simul
1254 3843 1320 3890 utri·

171 3908 272 3959 dNam
285 3905 395 3972 gerere}
410 3908 507 3960 Sensus
519 3913 570 3966 est,
587 3903 614 3955 ni
632 3903 717 3966 fallor,
740 3920 824 3969 usque
833 3904 920 3968 possit
928 3903 1155 3958 commoditatibus
1166 3912 1193 3956 et
1204 3907 1319 3958 obieeta.

137 3974 194 4024 viro
205 3986 272 4039 opus
283 3987 344 4024 esee
355 3971 416 4026 aute
424 3973 509 4040 ,bonan
522 3980 602 4032 artes,
612 3987 670 4036 quae
682 3971 716 4030 ad
740 3972 833 4025 montis
845 3969 970 4048 gaudere.
987 3971 1023 4019 tt
1036 3971 1105 4022 enim
1119 3972 1258 4037 voluptatis
1271 3988 1318 4022 no·

138 4038 276 4104 imperium
294 4040 403 4104 aliquod
417 4040 560 4106 gerendum
577 4039 715 4103 requirun·
740 4038 817 4096 mine,
832 4037 912 4087 erotrti
931 4035 1037 4088 infames
1053 4048 1081 4088 et
1093 4037 1199 4088 obtusas
1218 4040 1317 4089 notavit

138 4112 193 4164 tur,
205 4105 335 4158 dedicisse
347 4115 375 4156 et
385 4108 545 4166 exercuisse,
555 4103 636 4172 quim
653 4105 716 4169 pub-
740 4103 865 4154 socordiae
886 4103 1053 4162 dulcedinem
1077 4104 1115 4152 ita
1129 4103 1196 4166 ,verri
1215 4106 1316 4166 premii

137 4169 189 4222 lieo
204 4169 326 4238 sulii-agio
343 4171 411 4224 illud
428 4171 604 4236 administret,
618 4180 665 4228 aut
681 4171 714 4221 nd
738 4170 914 4234 appellatione
928 4171 1050 4220 honestus
1068 4179 1097 4220 et
1108 4169 1197 4218 viriles
1209 4170 1316 4222 virtutis

137 4236 168 4286 id
181 4250 368 4302 promoveatur.
738 4236 874 4288 illecebrae
883 4237 931 4285 inei
953 4237 997 4288 uit
1018 4238 1121 4286 Utinam
1131 4234 1316 4288 omnibualraee

167 4319 186 4352 e
209 4303 436 4369 ammonianum]
455 4304 568 4356 Perinde
584 4309 626 4354 eat
643 4317 673 4352 ao
691 4303 713 4354 ei
737 4253 1048 4354 notaessetdiliirentia!
1060 4301 1111 4356 Qui
1121 4299 1201 4366 volet,
1211 4301 1244 4354 eai
1255 4319 1317 4377 cau.

105 4384 107 4387 ·
135 4368 257 4433 dixisset,
265 4370 364 4425 virtute
374 4387 463 4428 veram
472 4371 634 4428 nobilitatem
643 4385 722 4434 eom-=
738 4371 769 4422 sa
781 4369 1007 4426 Cebetiattbulam
1017 4367 1114 4422 videat.

137 4436 230 4510 parari.
