3034 5054
463 295 968 428 ort-nnnonnmanna.
1124 429 1126 434 Ι
1233 343 1304 400 aaa

126 514 209 578 sunt,
224 501 264 564 de
279 521 344 587 rep.
356 501 412 567 tibi
426 503 546 586 scripsi,
558 503 632 585 quia
643 503 720 586 milri
732 506 907 582 consilium,
919 517 1011 586 atque
1022 504 1180 588 ingenium
1193 527 1302 570 meum

125 599 140 625 ³
150 587 285 670 amplius
301 607 388 670 aequo
404 589 604 672 probaretur;
627 591 682 652 sed
698 592 776 651 inter
790 591 911 653 labores
926 591 1053 667 militia,
1068 592 1209 675 interque
1225 613 1301 674 proe·

127 673 180 747 lia,
192 673 347 746 victorias,
363 673 649 755 imperium-statui
668 675 898 738 admonendum
915 691 945 737 te
962 677 1002 738 de¹
1018 677 1151 757 negotiis
1167 679 1302 741 urbanis.

128 758 278 839 Namque
293 759 347 819 tibi
370 755 420 818 l'si
440 758 474 820 id
489 758 586 820 modu
601 759 632 821 in
647 776 770 842 pectore
791 759 911 823 consilii
928 777 984 835 est,
999 757 1046 823 uti
1062 778 1092 822 te
1107 763 1145 824 ab
1161 762 1304 824 inimico·

127 863 198 904 rum
211 843 328 925 impetu
343 842 495 919 vindices,
508 863 632 925 quoque
649 847 743 907 modo
758 842 863 908 contra
878 846 1063 910 cadversum
1077 849 1235 910 consulem
1251 849 1304 908 be·

128 928 238 990 neficia
254 927 358 1010 populi
381 928 683 1010 retineas:·indigna
698 933 811 992 virtute
831 934 884 994 tut
905 932 1034 1012 cogites.
1056 967 1062 972 -ν
1078 930 1134 994 Sin
1153 933 1184 994 iu
1199 948 1230 995 te
1251 933 1303 996 ille

126 1013 249 1075 animus
271 1029 329 1088 est,
351 1011 405 1094 qui
423 1013 490 1096 jam
510 1010 527 1072 d
548 1013 699 1097 principio
718 1015 885 1078 nobilitatis
908 1015 1075 1078 factionem
1097 1017 1304 1090 disturbavit;

126 1099 249 1180 plebem
266 1097 360 1178 Rom.
376 1119 416 1160 ex
429 1097 517 1180 gravi
536 1097 684 1161 servitute
704 1101 736 1160 in
750 1099 923 1164 libertatem
943 1101 1097 1176 restituit3
1120 1103 1152 1163 in
1172 1105 1305 1186 praecurri

126 1182 331 1260 inimicorum
348 1204 434 1245 arma
457 1183 585 1247 inermis
606 1183 749 1267 disjecit;
772 1185 859 1246 domi
878 1186 1057 1269 militiaeque
1079 1201 1174 1265 tanta,
1187 1204 1220 1250 et
1238 1204 1305 1250 tant

124 1270 272 1350 praeclara
286 1268 422 1330 facinora
438 1267 523 1345 fecit,
538 1263 586 1331 uti
605 1279 644 1330 ne
667 1269 786 1330 inimici
801 1269 931 1350 quidem
948 1273 1036 1352 queri
1053 1273 1225 1354 quidquam
1248 1295 1303 1335 au-

125 1353 230 1430 deant,
246 1354 305 1415 nisi
320 1355 360 1416 de
376 1355 590 1435 magnitudine
608 1357 681 1418 tusi:
704 1354 779 1435 quin
795 1356 899 1436 accipe
919 1369 953 1416 tu
969 1377 1017 1431 ea,
1029 1377 1097 1437 quae
1111 1353 1220 1419 'dictim
1241 1355 1306 1418 dde

124 1441 247 1501 summai
267 1440 374 1521 repub.
396 1460 463 1522 quae
484 1437 625 1522 profectd
648 1454 703 1501 aut
721 1454 755 1501 tu
777 1461 852 1500 vera
873 1440 1023 1517 invenies,
1042 1455 1095 1503 aut
1114 1439 1197 1503 certe
1218 1443 1305 1504 haud

121 1519 231 1606 procul
253 1521 271 1583 ὲ
294 1546 378 1587 vero.
423 1525 656 1606 sedquoniam
680 1524 739 1586 Cn.
759 1523 928 1606 Pompeius
950 1539 1004 1588 aut
1025 1525 1120 1588 animi
1143 1526 1306 1610 pravitate,
1363 1591 1366 1596 ,

123 1623 178 1670 aut
187 1609 260 1690 quia
276 1610 353 1671 nihil
364 1631 403 1670 eo
416 1609 524 1670 maluit
537 1606 629 1690 quim
644 1611 728 1690 quod
741 1608 798 1670 sibi
811 1609 944 1686 obesset,
955 1610 998 1671 ita
1009 1610 1113 1692 lapsus
1123 1625 1180 1688 est,
1189 1612 1306 1674 uthos·

123 1693 206 1756 tibus
219 1695 278 1754 tela
294 1695 325 1755 in
339 1715 448 1755 manus
460 1694 595 1776 jaceret:
612 1695 725 1772 quibus
739 1694 789 1755 ille
804 1694 896 1754 rebus
912 1714 1010 1775 remp.
1026 1695 1230 1772 conturbavit,
1243 1697 1305 1758 eis-

122 1779 197 1840 dem
212 1778 269 1840 tibi
284 1780 494 1838 erestituenda
509 1789 567 1838 est.
612 1778 756 1838 Primum
772 1775 939 1842 omniumf
946 1800 1101 1841 summam
1117 1791 1305 1861 potestatem

124 1860 321 1938 moderandi,
334 1863 374 1923 de
391 1860 605 1942 vectigalibus,
624 1861 811 1942 sumptibus,
830 1860 972 1940 judiciis,
990 1865 1183 1926 senatoribus
1198 1864 1304 1947 paucis
1362 1935 1364 1938 ,

123 1946 271 2020 tradidit3
294 1947 415 2029 plebem
431 1945 618 2022 Romanam,
628 1945 718 2028 c‘ujus
730 1941 818 2006 anteri
833 1964 955 2008 summa
972 1961 1106 2027 potestas
1121 1964 1198 2025 erat,
1212 1959 1305 2012 gnos-

122 2053 185 2114 que
200 2031 249 2094 bis
264 2033 392 2113 quidem
408 2012 540 2118 legibus„
552 2030 584 2092 in
600 2031 748 2092 servitute
762 2031 899 2110 reliquit.
936 2030 1073 2109 Judicia,
1088 2035 1223 2106 tametsi,
1237 2031 1305 2096 hsi·
1328 2083 1331 2093 .

121 2132 174 2180 cut
189 2115 289 2193 anteit,
303 2119 401 2179 tribus
416 2116 578 2178 ordinibus
593 2115 706 2178 tradita
717 2132 803 2177 sunt:
820 2131 923 2176 tamen
936 2115 1048 2178 iisdem
1060 2116 1105 2177 illi
1118 2115 1239 2180 factiosi
1253 2139 1304 2180 re·v

122 2218 210 2284 gunt,
225 2205 310 2279 dant,
323 2203 478 2280 adimunt,
493 2221 561 2282 quae
576 2201 680 2262 lubet:
697 2201 875 2263 innocentes
890 2199 1157 2267 circumveniunt:
1174 2224 1247 2265 suos
1263 2203 1305 2265 ad

120 2281 272 2350 honoiem
294 2289 469 2350 extollunt.
501 2287 577 2348 Non
597 2285 728 2362 lacinus,
741 2306 803 2350 non
825 2287 984 2367 probrum,
999 2302 1052 2349 aut
1073 2287 1226 2370 flagitium
1249 2289 1304 2349 ob·

121 2388 193 2448 stat,
205 2372 269 2454 qud
286 2372 403 2434 minitis
415 2373 614 2453 magistratus
630 2371 769 2453 capiant:
793 2370 879 2452 quod
894 2373 1095 2458 commodum
1108 2388 1155 2434 est
1167 2374 1304 2450 trabunt,

120 2459 264 2541 rapinum
287 2457 457 2540 postremo,
472 2474 617 2538 tanquam
641 2454 736 2519 iurbe
759 2457 857 2539 capti,
871 2455 1021 2534 lubidine,
1035 2478 1071 2518 ao
1092 2458 1215 2519 licentii
1236 2460 1303 2535 suat,

121 2565 179 2626 pro
201 2545 321 2628 legibus
343 2557 483 2606 utuntur.
529 2542 580 2604 Ae
604 2564 654 2620 me
670 2543 798 2622 quidem
822 2541 990 2604 mediocris
1011 2541 1101 2604 dolor
1122 2558 1259 2626 angeret,
1275 2545 1303 2604 si

121 2629 237 2692 virtute
251 2627 370 2711 partam
383 2629 548 2698 victoriam
562 2648 649 2689 more
664 2648 721 2688 suo
736 2625 816 2709 ¹‘per
830 2625 994 2690 servitium
1009 2642 1199 2689 exercerent.
1238 2627 1303 2692 Sed
1334 2627 1336 2632 ’

121 2714 265 2776 homines
277 2714 467 2792 inertissimi,
482 2734 616 2795 quorum
633 2713 735 2798 omnis
750 2713 810 2786 vis,
824 2713 985 2792 virtusque
1001 2711 1032 2772 in
1044 2713 1148 2794 linguai
1163 2712 1222 2775 sita
1233 2729 1301 2788 est;

119 2797 214 2880 forte,
229 2815 321 2882 atque
337 2798 478 2864 lalterius
493 2799 635 2862 socordia
647 2797 892 2862 dominationem
904 2798 1038 2888 oblatam
1054 2797 1221 2860 insolentes
1230 2799 1302 2883 agi·

652 2969 767 3020 NOTAE.
852 3005 865 3019 .

138 3065 288 3148 'campilla
299 3081 383 3146 aqua]
395 3081 446 3139 Qui
462 3081 540 3132 alteri
558 3079 697 3131 consilium
720 3085 843 3130 testatem
863 3080 1013 3130 restituisse
1033 3073 1184 3144 Pompeium
1205 3070 1303 3132 intelli-

116 3149 175 3210 dat,
186 3151 307 3215 superior
322 3165 382 3200 esse
397 3149 517 3206 videtum
536 3148 605 3200 illud
620 3153 698 3198 exou-
719 3162 821 3211 gemus
832 3139 973 3212 quod'eunr
986 3145 1166 3200 antebfecisse
1177 3147 1302 3208 vidimus,
1395 3169 1400 3178 ¹

115 3215 318 3267 satSallustins.
720 3223 749 3262 ut
769 3227 860 3264 auram
879 3214 1029 3278 popularem
1047 3223 1175 3278 captaret,
1191 3215 1301 3266 rolenn-

95 3277 96 3282 ’
150 3283 167 3332 b
183 3287 210 3332 st·
219 3283 264 3345 iel]
285 3279 378 3334 Tacite
393 3282 483 3334 innuat
494 3279 603 3346 injurias
613 3279 698 3346 vindi·
719 3279 818 3341 busque
831 3281 969 3330 servitium
983 3279 1137 3344 imponeret.
1267 3317 1272 3327 .

114 3347 223 3408 sandes,
239 3359 268 3399 et
283 3363 431 3412 supremam
448 3355 607 3412 potestatem
626 3361 696 3397 inva-
720 3411 728 3460 ι
752 3347 901 3410 maeque]
918 3346 1045 3396 Ordinem
1062 3356 1211 3410 equestrem
1224 3347 1302 3398 intel·

115 3416 237 3468 dendarn.
455 3457 457 3471 ‚
497 3453 499 3458 .
729 3413 735 3459 i
758 3427 780 3463 e.
1035 3443 1038 3450 ‹
1122 3419 1125 3426 ’
1274 3455 1275 3458 ,

149 3499 165 3532 c
178 3485 315 3534 Adversum
327 3478 467 3543 cromam]
486 3481 642 3530 Marcellum
661 3479 697 3528 in·
738 3427 769 3526 gh
795 3475 983 3540 Sicritonted]
1012 3475 1082 3544 Lege
1100 3475 1205 3529 P'lantid
1226 3480 1300 3544 plebi

114 3550 220 3616 telligo.
234 3545 295 3599 crim
314 3547 458 3606 armillum,
475 3547 588 3596 alterum
605 3561 697 3602 consu·
718 3545 910 3600 communicata
917 3536 1028 3612 judicia,
1041 3546 1126 3596 ordini
1139 3539 1299 3600 senatoridd

115 3618 169 3667 lern
187 3617 300 3680 peeuma
317 3617 401 3664 Cacsar
420 3628 497 3666 suurn
511 3613 635 3668 fecissem
654 3612 695 3662 his
718 3611 792 3676 Sylla
805 3607 933 3662 translata
945 3609 1056 3660 fuerant.
1089 3616 1160 3678 Lege
1170 3611 1233 3663 verb
1244 3618 1298 3666 Au.

113 3683 195 3744 enim,
206 3697 267 3742 non,
278 3688 309 3730 ut
320 3680 427 3746 quidem
444 3680 614 3739 existimavit,
626 3682 694 3730 Mar·
717 3678 785 3728 retia
799 3689 878 3744 quam
892 3678 956 3727 tulit
969 3681 995 3725 l..
1009 3679 1137 3728 Aurelius
1147 3679 1224 3730 Cotta
1234 3690 1299 3744 pre-

112 3749 194 3810 cello,
211 3759 238 3798 et
258 3748 370 3798 Lentulo
390 3746 552 3806 consulibus,
569 3747 693 3810 scriptam
717 3753 767 3805 tor,
779 3745 846 3794 inter
857 3753 1001 3802 senatorer,
1013 3747 1125 3812 equites,
1138 3754 1167 3794 et
1178 3747 1298 3802 tribunos

114 3816 198 3868 fuisse
209 3817 276 3865 bano
287 3813 427 3878 epistolam
437 3813 605 3864 crediderim.
716 3811 828 3868 aerariost
839 3809 943 3876 judicia
958 3809 1060 3870 efflent·
1068 3825 1106 3860 *0²
1124 3814 1242 3877 Pompeii
1252 3829 1299 3864 vo·

123 3936 125 3939 ,
148 3883 166 3933 d
180 3886 220 3934 De
231 3880 341 3947 rumim]
359 3882 454 3930 Omnes
462 3880 549 3940 ,libros
563 3882 593 3930 dr
603 3881 693 3928 summat
715 3877 815 3944 luntste
828 3877 914 3927 divisa
926 3885 994 3926 sunt.

115 3953 247 4014 republica,
264 3947 395 4014 quomodo
412 3943 469 3996 fert
489 3947 572 4010 prisci
593 3943 692 4006 loquuti
749 3945 838 3995 iUrbe
847 3943 940 4010 copta]
952 3945 992 3992 ab
1001 3942 1115 4007 hortibus,
1123 3945 1237 4008 seilicet,
1246 3945 1296 4014 qui
1321 3957 1337 3994 ι·

115 4013 190 4074 sunt,
197 4016 326 4080 scripturn
340 4013 446 4074 habere,
456 4019 569 4064 testatur
578 4013 676 4061 Carrio.
715 4012 802 4060 omnia
810 4025 858 4074 pro
871 4011 980 4059 libidine
993 4020 1081 4076 agunt.
1094 4043 1098 4072 ς

150 4077 528 4142 eReatitueado.]lnomaibas
539 4078 616 4128 libris
626 4083 694 4128 reari-
732 4070 832 4126 erer
844 4076 989 4140 savinam]
1005 4076 1044 4128 ld.
1054 4085 1106 4141 est,
1119 4093 1172 4129 eum
1189 4079 1292 4146 nvibus.

117 4149 229 4198 terendum
238 4148 291 4214 legi
303 4153 417 4200 testatur
429 4146 533 4201 Certim
551 4145 639 4209 phrasi
652 4159 695 4197 an·
714 4147 791 4194 velati
802 4161 855 4194 eram
867 4149 953 4198 servis,
965 4147 1069 4208 agendo.
1225 4189 1229 4194 ,.

115 4215 200 4278 tiquai.
503 4215 505 4220 ’
729 4248 731 4252 .
747 4210 898 4274 lanatae]
916 4210 948 4259 ld
958 4218 1010 4273 est,
1023 4214 1140 4266 aliommr
1158 4223 1242 4277 neque
1250 4211 1293 4262 his

18 4323 20 4330 .
148 4279 163 4330 f
173 4279 310 4341 Summam]
329 4281 435 4334 Slvere
456 4278 576 4342 loquitur
593 4277 692 4328 Sallus
713 4276 1175 4346 quemquamsingulatimdeaignsr.

115 4339 331 4408 tius‚hi11c,idcd
350 4353 452 4402 tantun
470 4345 633 4398 tribunitiam
647 4359 692 4411 po·
1156 4346 1173 4368 '¹
