3034 5060
411 277 615 350 BELLUM
637 274 1015 386 Juourtrntsttm·
1267 291 1306 348 91

123 471 197 538 qna
212 453 398 540 portuosior,
410 467 444 518 et
455 454 598 518 aedificiis
613 449 716 537 magis
731 465 880 522 exornata
895 465 974 529 erat,
987 449 1143 516 Atherbal
1156 454 1307 538 possedit.

123 541 194 606 Res
209 543 363 626 postulare
379 541 505 604 videtur
521 539 643 604 Africa
658 541 752 604 situm
771 539 877 622 paucis
893 559 1060 620 exponere,
1075 556 1107 602 et
1122 563 1174 602 eas
1189 557 1308 624 gentes,

119 631 315 710 =quibuscum
329 626 418 692 nobis
431 627 550 690 bellum
565 641 619 688 aut
629 626 768 688 amicitia
782 625 854 700 suit,
865 625 1027 708 attingere.
1071 624 1135 687 Sed
1151 646 1219 708 quae
1230 627 1308 704 loca,

124 717 307 778 etnationes
318 715 358 776 ob
373 713 542 785 ²calorem,
552 726 606 774 aut
616 711 826 795 asperitatem,
835 710 915 772 item·
922 711 1119 787 solitudines,
1127 709 1235 774 mimis
1248 711 1309 774 fre·

121 813 271 880 quentata
291 814 383 870 sunt,
407 798 447 860 de
466 797 506 858 iis
528 797 614 868 haud
633 794 726 860 facile
749 811 945 879 compertum
965 799 1175 862 narraverim:
1200 813 1311 860 catera

120 881 620 968 quim-paucissimis*absolvam

167 971 206 1032 In
221 970 378 1033 divisione
390 968 474 1030 orbis
485 981 572 1032 terrae
582 968 724 1052 plerique
740 967 792 1030 biu
803 983 890 1051 parte
899 969 990 1032 tertii
1003 965 1147 1033 Africam
1157 972 1311 1053 posuisses

119 1056 214 1138 pauci
229 1054 450 1118 tantummodo
462 1052 587 1131 Asiam,
599 1069 631 1116 et
642 1053 804 1136 Europam
820 1064 922 1130 cesse,
934 1055 990 1116 ssd
1003 1053 1149 1118 Africam
1163 1058 1194 1118 in
1208 1055 1313 1118 Euro·

119 1143 170 1224 pa
222 1141 273 1206 Ea
288 1139 358 1202 finis
373 1138 467 1202 habet
482 1141 521 1202 ab
536 1140 699 1202 occidente
720 1137 863 1204 dfretum
878 1139 998 1206 enostri
1018 1140 1114 1202 maris
1134 1157 1166 1204 et
1181 1141 1313 1216 Oceani,

118 1227 255 1289 abortu
278 1226 353 1306 solis
372 1225 527 1288 declivem
547 1221 791 1296 dissitudinem
815 1245 909 1306 quem
931 1227 1036 1288 losum
1060 1223 1314 1290 ‘Catabathmon
1402 1293 1407 1302 .

30 1389 33 1394 ,
118 1311 234 1374 incola
250 1311 414 1394 appellant.
445 1307 568 1372 11Μιιο
584 1329 714 1384 saevum,
728 1309 968 1392 importuosum.
1001 1308 1093 1391 Ager
1108 1309 1236 1394 frugum
1248 1311 1311 1374 fcr-

117 1398 202 1473 tilis,
232 1397 331 1460 bonus
359 1395 476 1478 pecori,
504 1395 608 1456 arbori
640 1390 851 1458 infoecundus:
883 1391 988 1470 ιιιιῙι),
1013 1398 1157 1476 terraque
1171 1398 1315 1476 xpenuria

120 1503 299 1564 aquarum:
317 1501 416 1564 genus
430 1479 594 1544 hominum
610 1478 726 1544 salubri
742 1501 882 1561 corpore,
894 1481 998 1553 velox,
1013 1482 1133 1563 patiens
1149 1481 1311 1544 laborum:

119 1571 289 1650 plerosque
311 1583 453 1630 senectus
471 1567 627 1644 dissolvit,
647 1565 707 1628 nisi
723 1565 779 1647 qui
794 1565 890 1642 ferro,
909 1581 964 1631 aut
982 1563 1000 1625 a
1021 1566 1129 1628 bestiis
1151 1567 1314 1630 interiere.

123 1654 213 1716 Nam
227 1655 359 1716 morbus
380 1653 464 1716 haud
483 1647 564 1733 saepe
587 1671 778 1736 quemquam
803 1666 941 1734 superat.
987 1650 1044 1714 Ad
1060 1651 1131 1728 hoc,
1153 1649 1315 1716 kmalefici

121 1739 250 1820 generis
271 1739 406 1820 plurima
425 1735 583 1801 animalia.
627 1737 690 1800 Sed
714 1741 768 1820 qui
791 1739 938 1800 mortales
961 1738 1051 1800 initio
1068 1736 1215 1802 Africam
1238 1741 1314 1804 ¹ha

119 1825 270 1896 buerint;
294 1825 410 1905 quique
426 1837 534 1906 postea
549 1823 746 1902 accesserint,
759 1836 813 1886 aut
828 1842 891 1902 quo
908 1824 1004 1882 modo
1020 1822 1102 1886 inter
1113 1845 1145 1884 se
1161 1823 1334 1906 permixti·

123 1910 210 1982 sint;
233 1927 423 1990 quamquam
439 1909 477 1969 ab
493 1907 529 1966 ei
542 1905 637 1982 fami,
650 1927 719 1987 quae
735 1908 899 1988 plerosque
916 1907 1047 1978 obtinet,
1063 1908 1225 1970 diversum
1246 1925 1314 1982 est;

122 2008 243 2069 tamen,
259 2007 293 2056 ut
313 2015 354 2054 ex
369 1993 455 2054 libris
473 1991 614 2068 Punicis,
630 1992 683 2072 qui
700 1991 784 2072 regis
799 1989 993 2072 Hiempsalis
1009 1991 1205 2069 dicebantur,
1220 1994 1315 2056 inter·

42 2091 46 2098 '
125 2092 286 2164 pretatutn
307 2079 396 2142 nobis
417 2091 483 2152 est;
506 2073 617 2160 utique
641 2097 708 2139 rem
730 2097 798 2138 sese
822 2072 948 2159 habers,
970 2077 1104 2142 ctdtores
1130 2079 1199 2164 ejus
1226 2093 1316 2142 terrae

570 2267 867 2338 suranennrurro.
890 2261 893 2268 '

168 2445 180 2478 ¹
204 2441 318 2503 Dicam
338 2437 442 2523 purim·
446 2439 644 2521 pmrcissimis
666 2437 768 2501 verbis
784 2439 839 2525 qui
855 2438 990 2502 domines
1010 2439 1100 2502 initio
1121 2442 1270 2506 coluerint
1289 2457 1318 2506 et

127 2527 337 2590 dubitaverint
352 2525 501 2612 Africum.

659 2699 774 2752 Nom

160 2871 176 2905 a
189 2852 518 2918 catorm1sutsseilioet.
535 2855 619 2903 Nemo
626 2851 713 2904 nescit
735 2849 769 2901 ad
780 2867 904 2904 occssum
921 2853 1078 2918 porrexerit.
1112 2855 1262 2907 Videndum
1276 2865 1321 2908 est

124 2921 226 2977 Africae
237 2925 377 2973 maximam
389 2929 488 2985 partem
501 2921 550 2970 sub
569 2923 640 2972 Zoni
653 2936 711 2970 esse
736 2920 842 2970 interim
860 2935 893 2970 ne
909 2921 985 2972 nobis
1004 2924 1139 2985 imponent
1153 2925 1249 2974 tabulae
1262 2941 1336 2976 nos--

28 3050 34 3062 ¹
125 2990 240 3050 torridi,
251 2997 330 3052 atque
340 2985 407 3036 ause
419 2987 557 3036 ardoribus
570 2985 696 3038 infestari.
736 2991 781 3036 trre
793 2988 992 3053 Gcogrsphicae,
1007 2989 1142 3053 inquibus
1157 2992 1321 3056 nullaquau-

161 3057 231 3104 blo
249 3056 341 3120 parte]
361 3053 393 3106 td
413 3065 463 3112 est,
476 3054 600 3118 'Africum
616 3059 713 3105 tertium
734 3053 822 3119 doque
844 3063 922 3104 terrae
945 3057 1085 3104 curvitatis
1106 3057 1176 3104 ratio
1197 3055 1321 3119 habetur,

126 3127 212 3173 iurandi
221 3121 446 3188 purtemseeemnt.
473 3123 549 3171 Nunc
561 3119 624 3172 rard
635 3123 712 3172 aliter
734 3120 811 3188 cujus
827 3127 923 3180 tamen,
936 3117 996 3170 edm
1016 3123 1042 3170 in
1060 3123 1137 3187 plano
1149 3125 1332 3188 exprimitur,·

124 3190 240 3240 divisum
259 3189 349 3240 orbern
371 3185 488 3253 reperies
508 3189 581 3252 apud
598 3193 712 3254 Geogra-
734 3187 785 3238 nisi
808 3189 938 3252 cogitatio
960 3188 1080 3249 subierit,
1096 3204 1205 3253 prunum
1228 3203 1271 3242 est
1292 3195 1319 3242 in

125 3258 203 3322 phos,
214 3263 354 3322 postquam
367 3255 502 3306 veteribus
514 3257 711 3322 incognitaetsr·
735 3255 903 3322 gravissimos
916 3269 1019 3306 errores
1034 3257 1159 3307 incidere.
1236 3275 1239 3282 ¹

126 3341 162 3374 rae
175 3321 191 3374 d
204 3325 290 3374 nautis
302 3321 468 3386 perlustrarat
480 3330 550 3370 sunt.
772 3321 977 3384 fatitudinem]
989 3323 1020 3372 ld
1032 3332 1083 3384 est,
1096 3335 1206 3388 eampum
1213 3337 1318 3376 anetum.

161 3405 178 3438 c
190 3389 279 3452 Esse]
296 3389 327 3440 ld
344 3400 395 3447 est,
411 3371 521 3448 Quidum
535 3391 597 3438 duas
609 3386 711 3438 umetdm
767 3389 994 3454 generossissimi]
1008 3393 1207 3442 VosGrecaest
1216 3389 1320 3439 asses.

127 3459 194 3508 orbis
216 3468 336 3506 terrarum
352 3465 440 3519 portet
459 3470 511 3504 esse
528 3458 665 3518 uolroenutt,
688 3465 712 3504 et
733 3457 993 3515 datrerrdescendem
1006 3455 1126 3522 adeoque
1141 3459 1320 3510 Catabathmon

127 3523 245 3590 Afineam
268 3525 312 3572 sud
334 3524 436 3586 Europd
457 3523 717 3585 comprehendendum..
735 3521 815 3572 latine
830 3525 968 3573 descensmn
981 3523 1090 3572 dixeris.
1126 3523 1209 3572 Vallis
1221 3533 1280 3574 eret
1292 3501 1336 3577 inp

126 3591 267 3656 Ambigua
285 3589 437 3640 istiusmodi
454 3589 564 3652 phrases
582 3599 711 3642 nunaunt
735 3591 879 3654 AEgyptum
903 3588 1014 3648 devexa,
1034 3591 1058 3638 si
1080 3589 1159 3638 Melae
1177 3591 1320 3644 credimus.

126 3656 268 3708 imitandae.
428 3673 434 3678 ·
736 3657 811 3706 Unde
823 3657 853 3708 ν’,
869 3670 914 3705 eas
929 3670 981 3706 non
993 3655 1111 3715 eosdem,
1122 3657 1169 3720 qui
1182 3659 1265 3718 uobis,
1278 3661 1330 3713 r's.¹

159 3724 179 3774 d
198 3719 322 3786 Fretum]
345 3722 444 3774 Maluit
461 3723 552 3774 dicere
572 3721 711 3774 Sallustius
735 3720 939 3776 teribusfuisse
957 3720 1053 3772 Africae
1071 3723 1187 3781 limitem
1209 3741 1270 3776 nam
1287 3743 1319 3778 es

28 3841 29 3844 ,
122 3793 217 3856 fratum
228 3795 306 3843 ‘maris
318 3785 399 3856 quim
416 3807 482 3842 mere
498 3790 669 3918 simpli'ae,
681 3799 720 3852 ut*
734 3789 823 3850 hodie,
835 3787 1120 3856 idquemelius,usque
1132 3791 1247 3844 seimane
1259 3794 1320 3842 rub·

129 3856 589 3922 assumunssresetsiotentiamqu
659 3857 712 3908 illis
734 3873 791 3911 rum
804 3856 982 3922 protenditur.
1050 3881 1052 3887 ι
1081 3863 1090 3880 ’

128 3925 260 3990 angustiis
271 3921 448 3988 conspicitur,
458 3924 483 3972 in
497 3939 554 3990 quse
566 3925 618 3974 duo
631 3924 712 3974 maria
768 3921 897 3986 thre]
911 3923 1036 3988 Libycum
1049 3937 1097 3974 seu
1108 3922 1318 3990 Africum,quod

102 3988 107 4001 '
129 4000 285 4048 concurrent
297 3991 549 4042 etcommiscentur.
735 4005 796 4058 pars
808 3999 853 4044 est
863 3989 1061 4040 Mediterranei.
1106 4021 1108 4028 ,
1180 4017 1187 4028 ν

164 4058 299 4121 exerui]
311 4057 712 4123 Mediterranei,seilicet,quod
769 4059 778 4109 i
794 4057 877 4120 Cels]
900 4056 930 4106 Id
948 4065 999 4118 est,
1011 4059 1103 4124 Neptis
1120 4059 1247 4121 lurdsrs'cd
1259 4058 1321 4106 mad

88 4125 89 4130 ’
129 4123 233 4178 ltaliam
249 4126 324 4174 aluit.
355 4127 397 4174 At
412 4121 489 4174 certi
505 4126 550 4175 vix
567 4126 599 4176 ab
617 4139 712 4176 occasu
736 4123 785 4175 tritu
793 4129 875 4190 plexit:
888 4141 966 4188 aeque
976 4127 1011 4175 idi
1021 4130 1089 4190 copis
1100 4137 1137 4174 ert
1143 4125 1260 4188 sontium,
1272 4134 1318 4174 out

130 4191 232 4242 dicitur
249 4191 473 4253 Mediterraneum
489 4191 607 4242 Africum
625 4191 712 4242 finire:
730 4193 871 4256 fluuirmm.

130 4255 180 4308 sed
189 4258 443 4320 autorinostrssded
453 4259 581 4310 mirabilis
590 4259 713 4310 risusest
768 4257 938 4326 kMslgfio‘J
959 4261 1028 4312 Puta
1050 4259 1198 4321 serpentes,
1219 4253 1317 4322 leones,

131 4324 211 4400 maris
226 4331 314 4382 astus,
330 4333 359 4392 ut
371 4341 402 4380 eo
412 4327 536 4394 abreptus
547 4325 644 4397 fretum
657 4326 712 4378 late
736 4325 783 4382 ise.
