3034 5060
395 316 600 386 BELLUM
621 315 1014 402 JUGURTHINUMae
1249 328 1312 391 ttr

125 509 205 560 tosa
218 489 418 573 boetiumque
434 505 533 558 auctae
546 504 646 554 erant.
688 487 754 554 Sed
767 489 822 556 ubi
835 490 869 554 io
885 487 1029 553 Alrieam
1045 487 1143 568 venit,
1156 492 1312 560 exercitos

26 649 28 658 s
124 582 157 644 ei
172 580 341 643 traditura
360 579 414 662 Sp.
433 577 552 642 Albino
571 577 765 659 proconsule,
780 578 875 652 iners,
890 576 1034 652 imbellis,
1049 596 1151 658 neque
1171 580 1314 660 periculi,

26 673 28 698 l

26 701 28 730 l

125 687 231 746 neque
246 665 356 728 laboris
372 663 512 748 patiens:
535 664 651 744 lingua,
666 659 761 744 quim
777 683 883 738 manu,
897 661 1088 760 promptiore
1112 664 1258 745 predator
1272 689 1314 730 ex

124 753 233 828 sociis,
247 764 279 813 et
300 750 366 833 ipse
389 749 495 834 praeda
508 748 667 812 hostium:
690 748 781 810 ²slne
797 749 942 832 imperto,
958 762 990 810 et
1009 749 1164 812 modestii
1179 748 1314 814 babitus.
1360 792 1365 803 ·

126 836 374 920 Itaimperatori
391 855 474 898 novo
494 836 565 918 plus
586 853 627 896 ex
648 832 739 898 malis
760 833 901 898 moribus
920 832 1138 910 solicitudinis,
1155 831 1252 917 quim
1274 857 1317 900 ex

124 922 215 1006 copii
243 921 381 1000 militum
407 920 608 997 auxillium
632 920 823 1004 bonaespei,
849 918 1027 984 accedebat.
1068 919 1185 986 Statuit
1209 935 1316 984 tamen

124 1008 291 1086 Metellus,
306 1025 486 1088 quanquam
500 1022 533 1070 et
548 1005 747 1070 ²aestivorum
764 1022 902 1090 tempus,
913 1003 1114 1068 comitiorum
1128 1003 1241 1070 bnistra
1255 1008 1317 1070 im-

123 1096 293 1171 minuerat,
309 1107 351 1170 et,
367 1092 580 1175 expectatione
595 1095 739 1169 eventius,
749 1092 869 1154 civium
883 1091 1005 1156 auimos
1025 1091 1159 1154 intentos
1175 1095 1318 1176 putabat,

122 1201 186 1256 non
208 1178 298 1263 priris
313 1179 429 1240 bellum
447 1178 610 1260 attingere,
625 1174 721 1258 quim
742 1179 899 1273 majorum
914 1175 1078 1258 discipliui
1094 1177 1209 1242 milites
1229 1179 1316 1244 labo·

26 1337 27 1344 χ
122 1287 195 1328 rare
210 1264 377 1347 coegisset.
424 1263 512 1346 Nam
529 1262 679 1335 Albinus,
691 1260 771 1326 Auli
787 1261 892 1324 iratris
907 1263 1126 1344 exercitusque
1141 1263 1229 1326 clade
1245 1285 1316 1347 per·

123 1352 245 1427 quisue,
255 1365 422 1434 postquam
434 1349 617 1412 decreverat
624 1368 687 1412 non
699 1347 807 1430 egredi
819 1347 991 1431 provincii,
1002 1361 1154 1429 quantum
1167 1350 1318 1431 temporis

121 1435 308 1500 aestiuorum
323 1437 379 1497 ciu
390 1434 524 1518 imperio
534 1433 605 1510 fuit,
615 1434 801 1517 plerumque
814 1432 930 1495 milites
939 1433 970 1494 in
984 1428 1131 1496 dstativis
1141 1434 1251 1498 castris
1262 1433 1318 1498 lra-

124 1521 236 1594 bebst:
253 1521 313 1584 nisi
324 1520 400 1586 clim
420 1522 532 1598 ⁰0d0s,
547 1535 601 1582 aut
615 1521 721 1603 pabuli
736 1533 870 1603 egestas,
884 1519 988 1582 locum
1005 1533 1126 1582 mutare
1139 1520 1318 1604 subegerat.

122 1607 191 1670 Sed
210 1627 312 1690 neque
333 1627 422 1671 more
444 1605 573 1670 militari
589 1606 705 1689 vigiliae
722 1605 925 1668 ducebantur.
970 1601 1033 1668 Uti
1048 1605 1163 1688 cuique
1178 1606 1317 1684 lubebat,

123 1694 166 1754 ab
179 1692 279 1776 siguis
294 1692 418 1758 aberat:
441 1690 532 1756 ftisae
550 1693 692 1776 permisti
712 1712 784 1754 cum
805 1693 958 1756 militibus
973 1691 1026 1754 die
1048 1707 1208 1776 noctuque
1222 1713 1320 1777 vaga·

123 1777 257 1842 bantur:
274 1791 307 1840 et
318 1779 333 1816 ²
343 1779 480 1859 palantes
494 1797 587 1860 agros
599 1792 733 1855 vastare,
742 1777 832 1840 villas
843 1795 1035 1860 expugnare,
1045 1777 1319 1860 pecoris,et'mao·

125 1862 283 1947 cipiorum
299 1861 420 1946 praedas
439 1876 591 1927 certantes
607 1865 727 1944 ageret
742 1881 840 1942 eaque
857 1877 978 1926 mutare
1000 1882 1072 1924 cum
1091 1865 1318 1929 mercatoribus

26 1991 28 2014 t
123 1949 203 2010 vino
218 1947 400 2023 advectitio,
410 1961 443 2010 et
457 1947 526 2010 aliis
536 1947 669 2010 talibus:
686 1959 847 2029 praeterea,
859 1947 1053 2010 frumentum
1067 1947 1191 2029 publice
1206 1951 1317 2014 datum

26 2093 28 2102 ,
124 2034 277 2112 vendere,
297 2043 431 2117 ‘panem
452 2032 485 2096 in
505 2033 576 2096 dies
594 2034 746 2096 mercari:
770 2032 942 2114 postremo,
959 2051 1151 2116 quaecunque
1171 2033 1248 2111 dici,
1263 2051 1319 2100 aut

125 2118 204 2202 lingi
229 2133 350 2202 queunt
376 2119 507 2202 ignaviae
533 2120 728 2200 luxuriaque
756 2120 879 2201 probra,
905 2119 936 2182 iu
959 2117 1013 2182 illo
1037 2120 1178 2184 exercitu
1206 2135 1319 2184 cuncte

69 2200 77 2217 “
124 2204 232 2282 luere,
247 2218 281 2268 ct
293 2203 354 2268 alia
368 2197 516 2288 amplius.
560 2204 625 2268 Sed
645 2205 677 2268 in
697 2207 734 2266 ei
749 2205 928 2272 difficultate
950 2204 1120 2268 Metellum
1135 2227 1197 2268 non
1212 2205 1320 2270 minim

127 2311 227 2374 quant
240 2290 272 2352 in
287 2291 381 2354 rebus
397 2290 573 2366 hostilibus,
588 2311 738 2374 maguum
758 2307 790 2352 et
809 2291 982 2374 sapientem
997 2291 1101 2354 virum
1117 2291 1214 2356 luisse
1232 2315 1320 2356 com·

126 2377 251 2461 perior:
274 2375 359 2440 tanta
373 2376 578 2459 temperantii
599 2375 681 2438 inter
700 2373 928 2440 11ambitionem
943 2377 1159 2460 saevitiamque
1176 2379 1320 2452 modera-

128 2479 210 2534 tum.
264 2461 415 2545 Namque
437 2463 542 2525 edicto
568 2462 672 2546 primo
697 2463 879 2546 adjumenta
904 2461 1034 2546 ignavia
1063 2463 1258 2544 ³sustolisse‚
1279 2487 1320 2528 ne

124 2549 296 2632 quisquam
321 2549 354 2612 io
380 2548 475 2614 cattis
499 2567 624 2632 panem,
645 2561 699 2612 aut
718 2569 814 2630 quem
841 2547 938 2610 aliurn
961 2549 1069 2612 cibum
1093 2564 1218 2612 coctum
1241 2571 1317 2614 ven-

128 2637 244 2708 deret3
270 2653 310 2697 ue
339 2634 413 2697 lixae
442 2633 616 2698 exercitum
646 2648 879 2716 sequerentur;
907 2653 947 2696 oe
974 2635 1066 2698 miles
1093 2635 1256 2718 gregarius
1286 2637 1320 2700 in

26 2775 27 2780 ,
128 2720 253 2801 castris,
267 2739 352 2786 neve·
369 2719 422 2784 lio
442 2723 566 2804 agmine
589 2740 730 2797 servum,
751 2735 807 2784 aut
823 2719 1004 2802 jumentum
1025 2720 1172 2816 baberet:
1195 2723 1319 2788 caeteris

571 2872 872 2950 rumnrnnrnrro.

170 2985 184 3032 ἓ
201 2981 354 3072 Quamuis
370 2983 560 3046 comitiorum
576 2983 714 3045 retarda·
737 2983 810 3046 bant
823 2982 962 3046 certatim
971 2985 1096 3067 predas
1110 3006 1151 3048 ex
1164 2997 1276 3071 pecare
1289 2998 1320 3050 et

26 3127 28 3134 Α
127 3071 172 3133 tio
186 3079 304 3152 tempus
317 3069 513 3146 diminuerat,
527 3088 586 3154 qua
603 3071 715 3131 milites
737 3071 924 3155 manicipiis,

26 3199 28 3240 ,
127 3159 161 3224 iu
177 3155 291 3218 castris
305 3155 543 3238 asticis‘agmat.
756 3154 791 3191 '³
812 3156 951 3241 Namque
969 3157 1145 3239 comperior
1164 3157 1321 3222 Metellum

169 3243 183 3279 ⁸
211 3243 284 3305 Huc
310 3241 383 3304 illuc
407 3242 591 3328 divagantes
619 3263 715 3324 agros
736 3243 896 3305 sustulisse
909 3245 1012 3326 prima
1035 3243 1129 3308 edicto
1146 3244 1322 3328 atffumerzta

26 3355 28 3376 ·
125 3327 714 3412 vastabant,villasexpugnabantmge-
736 3329 882 3410 ignauia.

583 3495 589 3509 ,
665 3447 782 3496 norm.

162 3572 180 3607 s
194 3557 253 3608 Siue
264 3557 382 3622 imperia]
400 3557 431 3608 Id
444 3563 496 3619 eet,
510 3562 553 3622 qui
562 3558 716 3623 ductursue·
769 3555 783 3606 l
793 3555 889 3620 [aaa]
913 3559 954 3607 Ita
965 3563 1093 3612 vocantur
1104 3558 1175 3608 terri
1187 3557 1234 3624 qui
1247 3573 1322 3616 ester·⁴

128 3635 171 3674 rat
198 3626 231 3674 ab
259 3623 454 3688 imperatoribus,
478 3631 521 3688 qui
545 3631 715 3677 artctors'truem
736 3623 818 3674 citum
831 3631 1025 3689 sequuntunet
1038 3625 1167 3675 militibus
1177 3626 1322 3678 vilissimam

127 3707 197 3745 tuam
204 3695 271 3741 tuere·
279 3695 443 3752 meaverunt,
454 3695 650 3744 mrtmluerant:
663 3696 714 3757 qul·
736 3706 843 3756 operam
863 3698 998 3756 prestant,
1016 3700 1082 3755 puta
1098 3705 1189 3754 aquarn
1203 3702 1322 3759 portare,

128 3775 175 3822 que
184 3759 301 3810 maumas
312 3762 391 3808 omma
403 3763 607 3812 constraverunt.
736 3773 828 3823 panem
839 3774 964 3824 coquere,
974 3767 1003 3808 et
1016 3757 1044 3809 id
1056 3774 1139 3822 genus
1151 3760 1210 3814 alia.

129 3883 131 3890 Α
160 3824 288 3889 bMaru]
310 3827 361 3876 Per
375 3825 552 3879 Tribunorum
571 3825 714 3880 contentio·
769 3826 913 3891 gPaaem.]
926 3824 1324 3894 lpsiverdtenebanturpanem

26 3947 34 3956 Ἴ
127 3905 198 3952 nem,
210 3891 292 3946 sicuti
304 3900 382 3944 antea
393 3893 517 3946 vidimus.
736 3905 814 3942 suum
825 3908 949 3958 coquere.

160 3957 361 4026 ciuitatium]
386 3960 508 4022 Albinus,
518 3957 603 4010 donec
619 3959 715 4011 Metel·
770 3957 984 4023 namuurum]
1005 3962 1058 4012 Hic
1074 3975 1123 4026 per
1142 3960 1324 4019 ambitionem,

127 4022 171 4075 lut
183 4025 340 4088 advenisset,
353 4027 486 4078 exercitui
499 4028 613 4093 praefuit.
737 4026 806 4078 ratio
816 4034 845 4076 et
856 4035 945 4078 certus
956 4028 1063 4093 quidam
1076 4028 1173 4094 agendi
1184 4028 1278 4078 modus
1288 4027 1325 4076 iu·

163 4089 183 4142 d
196 4093 320 4158 Statium]
342 4095 373 4144 ld
385 4103 437 4151 est.
447 4098 475 4148 ia
486 4097 573 4160 quim
583 4098 626 4146 diu
635 4111 715 4145 mane·
737 4093 902 4158 telligentur,
912 4110 965 4161 quo
985 4095 1020 4144 ad
1036 4094 1247 4161 consequendam
1267 4109 1326 4168 grs-

26 4177 27 4180 ¹
130 4157 200 4218 bant,
213 4156 274 4212 cbrn
284 4161 385 4214 militia
397 4177 470 4212 more
480 4163 576 4230 sapius
588 4162 714 4214 mutanda
737 4161 812 4220 tiam,
825 4159 913 4211 minbs
929 4162 1014 4212 milite
1029 4169 1169 4220 vexantur,
1186 4175 1235 4210 nec
1246 4161 1325 4212 uisis

128 4223 237 4276 luerint.
737 4227 885 4280 volentibus
898 4227 1048 4282 ministeria
1058 4229 1240 4293 requiruntur.

125 4335 136 4346 ,.
161 4307 177 4342 e
195 4289 285 4358 θεῖοι]
297 4297 336 4346 Ex
346 4295 482 4350 hominum
494 4305 522 4348 et
530 4295 712 4364 jumentorum
760 4296 780 4346 *i
793 4297 826 4346 Iu
836 4293 958 4360 agruim]
971 4298 1002 4348 ld
1014 4305 1065 4356 est,
1079 4299 1135 4344 etum
1146 4297 1195 4343 tter
1201 4293 1271 4357 jacit
1283 4313 1327 4345 es·

129 4359 262 4429 sordibus.
469 4360 472 4365 “
541 4423 543 4428 Ι
738 4367 871 4416 exercitus.
908 4365 977 4421 Gall.
991 4361 1247 4418 Duroatlamarel.
