3070 5034
193 327 237 392 ab
654 321 906 392 SALLUSTH
994 355 997 372 ι

193 499 285 562 irent.
329 499 489 580 Namque,
507 491 765 560 ³duobus'senati
780 499 926 575 decretis,
940 517 982 560 ex
995 496 1304 578 tantai'multitudine,
1317 493 1375 566 ab*

192 607 254 667 que
265 587 392 665 praemio
403 585 547 656 inductus
558 585 803 667 conjurationem
815 584 1013 666 patefecerat,
1025 605 1126 666 neque
1139 605 1180 646 ex
1191 586 1299 648 castris
1309 587 1373 650 Ca-

190 672 458 756 tilinaequisquam
473 671 616 732 omnium
626 671 821 733 discesserat.
854 669 957 731 Tanta
968 669 1016 732 vis
1030 669 1144 745 morbi,
1158 685 1250 751 atque
1262 667 1370 740 utita-
1393 737 1395 742 ,

191 759 246 818 bes
262 757 423 840 plerosque
441 757 557 819 civium
573 756 693 818 animas
709 760 874 818 invaserat.
918 754 1035 836 Neque
1051 753 1159 818 saltim
1169 753 1261 834 illis*
1274 758 1378 836 aliena

190 863 281 905 meus
291 841 431 924 erat,qui
444 841 557 903 conscii
567 839 789 924 conjurationis
798 839 932 916 fuerant,
941 854 992 902 res
1003 839 1130 902 omnino
1139 855 1249 904 cuncta
1258 843 1379 926 plebes,

190 947 343 990 novarum
358 947 464 990 rerum
481 927 596 1001 studio,
609 925 751 988 Catilinae
761 925 882 1006 incepta
890 925 1049 1008 probabat
1074 925 1114 988 Id
1126 927 1205 988 adeo
1219 947 1305 990 more
1315 950 1386 991 suo.

189 1015 356 1076 videbatur
370 1013 483 1076 facere.
522 1011 608 1074 Nam
623 1015 748 1097 'semper
762 1011 794 1073 i'n
809 1007 950 1084 civitate,
965 1011 1079 1096 quibus
1095 1032 1170 1094 opes
1186 1013 1275 1074 nullae
1289 1029 1378 1091 sunt,

187 1100 302 1160 ‘bonis
317 1095 469 1175 invident,
483 1097 580 1160 malos
594 1098 761 1170 extollunt;
776 1112 884 1160 vetera
898 1097 1005 1172 odere,
1016 1116 1097 1158 nova
1112 1112 1277 1180 exoptant3
1294 1099 1375 1162 odio

188 1203 317 1248 suarum
329 1205 434 1248 rerum
444 1181 556 1246 mutari
565 1184 670 1246 omnia
681 1184 825 1253 student;
840 1179 950 1244 ¹turbi
962 1198 1055 1264 atque
1066 1183 1271 1246 seditionibus
1280 1181 1296 1222 ‘¹
1304 1184 1379 1248 sine

187 1273 263 1333 eura
277 1273 419 1334 aluntur:
440 1267 587 1352 quoniam
602 1284 724 1351 egestas
740 1263 831 1330 facile
846 1267 977 1330 habetur
991 1268 1058 1331 siue
1074 1268 1201 1330 damno.
1241 1269 1304 1332 Sed
1317 1291 1376 1332 ur·

187 1354 267 1420 bana
282 1357 437 1439 plebesea
447 1351 522 1416 verb
538 1362 697 1438 epraeceps
709 1354 788 1416 ierat
804 1353 910 1415 multis
925 1354 966 1415 de
982 1353 1094 1416 causis.
1140 1353 1288 1418 Primum
1302 1377 1375 1428 oms

186 1441 289 1518 nium,
313 1443 368 1526 qui
395 1441 510 1522 ubique
532 1441 657 1520 probro,
681 1453 774 1521 atque
800 1439 968 1522 petulantiai
992 1435 1131 1502 maxime
1162 1443 1377 1522 prestabanta

186 1525 264 1590 item
281 1530 345 1604 alii,
355 1525 429 1610 fper
439 1525 606 1597 dedecora,
615 1524 811 1607 patrimoniis
826 1523 970 1597 amissis3
986 1541 1146 1608 postremo
1160 1547 1279 1602 omnes,
1292 1523 1375 1608 quos

186 1613 353 1694 flagitium,
364 1627 417 1674 aut
432 1610 551 1673 facinus
566 1611 662 1674 domo
678 1610 858 1692 expulerat;
882 1609 915 1670 hi
932 1609 1081 1688 Romam,
1094 1611 1187 1673 sicuti
1203 1613 1234 1674 iu
1253 1621 1268 1662 8
1277 1613 1373 1682 senti-

185 1717 272 1773 nam,
285 1697 507 1761 confluxerant.
551 1695 637 1758 Dein
655 1695 761 1770 multi,
783 1715 939 1757 memores
961 1697 1093 1760 Sullana
1115 1697 1264 1774 victoria,
1282 1696 1377 1780 qudd'

185 1804 229 1846 ex
241 1780 258 1824 ¹l
266 1783 417 1868 gregariis
434 1781 585 1844 militibus
600 1781 676 1844 alios
691 1795 849 1866 senatores
861 1782 1033 1858 videbant;
1049 1783 1125 1844 alios
1141 1784 1184 1846 ita
1197 1783 1320 1860 divites,
1334 1797 1374 1848 ut

115 1907 117 1914 ·
185 1870 277 1952 regio
294 1872 388 1944 victu,
404 1883 496 1949 atque
516 1867 602 1930 cultu
623 1883 745 1930 aetatem
765 1881 915 1950 agerent;
940 1868 1000 1946 sibi
1020 1866 1166 1950 quisque,
1180 1871 1205 1931 si
1226 1870 1259 1931 in
1276 1869 1373 1934 armis

185 1955 278 2031 foret,
291 1977 332 2018 ex
345 1954 476 2018 victoria
497 1955 571 2016 talia
592 1953 743 2036 sperabat.
791 1952 947 2016 Praeterea
964 1955 1126 2038 juventus,
1142 1976 1211 2036 quae
1232 1955 1266 2017 in
1285 1957 1372 2036 agris

184 2043 357 2104 ²rnanuum
388 2041 533 2105 mercede
560 2039 698 2122 inopiam
722 2039 924 2116 toleraverat,
944 2037 1096 2122 ipriuatis
1124 2057 1217 2122 atque
1239 2040 1372 2124 ¹‘publi-

184 2125 232 2190 cis
257 2127 472 2208 largitionibus
502 2125 615 2199 excita,
636 2125 789 2187 urbanum
811 2125 912 2189 otium
936 2123 1078 2207 ¹ingrato
1103 2125 1201 2188 labori
1228 2127 1370 2207 praetule-
1394 2140 1398 2148 ’

184 2231 244 2274 rat.
290 2211 356 2274 Eos
375 2225 468 2294 atque
488 2209 566 2272 alios
589 2221 730 2272 mornnes
749 2210 867 2275 malum
888 2209 1047 2294 publicum
1062 2212 1172 2274 alebat.
1217 2210 1294 2286 Qua
1309 2211 1370 2286 rni-
1401 2269 1405 2273 .

185 2295 249 2364 nus
268 2299 447 2363 mirandum
468 2310 527 2376 est,
547 2297 691 2362 homines
711 2311 849 2380 egentes,
864 2296 955 2359 malis
975 2296 1128 2378 moribus,
1144 2298 1282 2366 maxima
1302 2319 1370 2382 spe,

589 2477 593 2484 ’
626 2513 927 2567 masuram-arro.

226 2711 239 2748 ¹
254 2707 389 2774 Aluntur
397 2713 466 2776 sine
478 2711 555 2774 cure
566 2710 649 2772 inter
660 2708 766 2775 turbas
795 2705 798 2710 ’
829 2708 933 2796 'Qua
948 2709 1128 2772 toleraverat
1141 2709 1273 2793 inopiam
1274 2708 1370 2798 sruc-

185 2793 409 2860 &seditiones
770 2796 949 2888 vtalab'oris
962 2795 1024 2856 sui.
1095 2851 1124 2888 7

662 3001 663 3004 π
717 2984 832 3044 sorra.

216 3155 367 3218 revelatae]
388 3154 467 3210 Prius
477 3153 601 3219 vidimus,
613 3151 659 3202 ubi
677 3149 765 3218 agitur
819 3167 839 3219 g
855 3151 1008 3216 Sentinum]
1023 3152 1132 3218 Proprie
1144 3159 1188 3204 est
1202 3156 1371 3218 seatiaapars

182 3217 218 3272 de
238 3222 379 3282 sestertiis,
397 3215 531 3286 posterius
551 3217 624 3279 verb,
644 3216 689 3269 ubi
708 3219 765 3269 dies
788 3223 859 3270 navis
873 3220 974 3278 intima.
986 3221 1013 3270 iu
1025 3235 1105 3286 quarn
1118 3219 1211 3270 sordeo
1223 3234 1313 3270 omnes
1324 3219 1370 3270 de·

182 3287 310 3340 statuitur
326 3297 384 3336 ante
395 3304 474 3353 quam
492 3290 548 3338 sine
564 3285 656 3337 fraude
672 3286 764 3336 liceret
787 3286 879 3338 fluunt.
913 3289 967 3338 Illa
984 3284 1166 3354 metaphorice
1189 3288 1304 3338 sumitur
1319 3301 1368 3352 pro

181 3353 215 3413 ab
227 3355 305 3404 armis
316 3353 464 3404 discedere.
787 3353 1155 3418 improborumreeep'taculo.·

216 3419 233 3470 b
250 3421 359 3486 Aliena]
379 3421 478 3472 doaso
495 3419 513 3472 d
532 3423 590 3470 bons
612 3421 747 3486 reipublice
753 3443 763 3478 ,·
781 3421 783 3430 ’
818 3422 836 3471 h
859 3421 1015 3488 erogemus]
1032 3420 1065 3474 ld
1084 3427 1135 3481 est,
1153 3422 1252 3490 infime,
1269 3425 1368 3484 artam

181 3489 299 3540 abesam.
786 3491 840 3541 aas
852 3493 919 3540 nulla
930 3501 973 3540 eet.
1370 3537 1372 3542 ,

216 3556 340 3620 ebonis]
359 3557 395 3622 Iis
415 3560 459 3620 qni
474 3559 501 3605 ἐπ
516 3553 640 3620 republica
653 3563 764 3622 patentes
820 3554 981 3618 terream]
1006 3557 1063 3618 Qua
1077 3553 1096 3606 d
1108 3559 1220 3620 paveas
1236 3558 1366 3605 homitibus

180 3623 408 3685 'mmlldfloreatea
745 3674 748 3684 ,
779 3623 1366 3688 fiebam,utpapub'gratiamoucreporerrtur‚&

215 3685 234 3734 d
249 3689 308 3736 Sine
319 3691 399 3752 arrd]
423 3692 520 3740 Rerum
532 3703 637 3740 suarum
651 3688 763 3752 seilicet,
785 3693 839 3754 ejas
851 3691 977 3756 affropa'a
987 3691 1174 3739 demererentur.
1351 3685 1354 3690 ’

179 3752 677 3818 quianihilpossident:deindeetiam
686 3755 771 3806 deiis,
816 3751 987 3819 Hadrian]
1013 3755 1235 3808 Frumentaeaim
1249 3755 1368 3819 inpopu·

179 3817 268 3880 minus
276 3818 384 3878 soliciti,
409 3817 760 3886 naeinusnmquetidianum
785 3823 838 3874 lum
860 3819 969 3888 publice
993 3822 1236 3879 distribuebantur3
1261 3819 1369 3881 deinde,

178 3886 369 3952 requirunturs
387 3903 402 3937 c
422 3903 448 3936 m
465 3889 528 3939 hinc
548 3889 610 3941 inde
626 3887 761 3955 qualibet,
785 3886 1052 3954 donationespublice
1065 3889 1173 3940 inludis
1185 3885 1365 3955 equitantem

179 3967 229 4018 per
239 3953 341 4006 turbam
355 3953 465 4018 rapiant.
646 3961 649 3964 '
785 3956 986 4022 magistratibus
996 3955 1103 4008 fiebant.

148 4016 151 4028 '
213 4035 229 4070 e
240 4017 379 4084 Praeceps]
403 4025 469 4074 ceco
480 4025 569 4086 impeto
581 4026 616 4072 acl
629 4023 760 4074 Catilinam
817 4021 967 4088 Magram]
990 4023 1021 4072 ld
1036 4031 1088 4084 est,
1099 4039 1133 4076 aa
1145 4027 1193 4088 pud
1206 4033 1320 4088 quantum
1329 4019 1365 4072 illi

180 4088 305 4152 defecerat
318 4089 346 4136 Θ
357 4090 434 4150 ipet'ne
445 4092 555 4152 inceptis
565 4091 674 4148 favebat.
783 4094 872 4140 vellent
883 4109 930 4140 aaa
942 4089 1080 4156 cupiebant

213 4151 229 4202 s
236 4158 290 4204 Per
301 4151 443 4216 deaceae]
454 4155 486 4204 ld
500 4163 550 4216 est,
552 4156 688 4220 flagitiose.
700 4157 758 4206 Jam
817 4173 842 4206 m
859 4157 965 4219 Omnes]
982 4157 1111 4222 Ejusdem
1120 4159 1246 4234 generisr
1263 4153 1365 4228 supple,

179 4219 274 4282 sepius
285 4221 400 4272 vidimus
412 4221 556 4270 Salustiam'
566 4221 698 4272 adverbiis
709 4237 758 4272 non
782 4237 849 4290 quos
861 4224 994 4291 appellare
1005 4221 1072 4282 nihil
1081 4231 1188 4278 attinet.

178 4283 331 4338 italibenter
339 4289 389 4348 uti,
398 4287 447 4337 sed
455 4301 486 4336 ea
496 4302 543 4350 per
550 4288 758 4352 praepositionem

179 4351 203 4402 δι
215 4352 404 4411 substantivum
414 4354 561 4422 exprimere
573 4355 681 4410 solitum
692 4370 759 4406 esse.
