3034 5060
410 282 428 324 φ’

213 281 266 388 19⁶*
312 411 322 434 .
684 283 936 399 siirrusrtr
1010 280 1053 362 l·

116 514 120 532 ’
215 495 345 560 Imerim
356 491 440 556 haud
456 487 578 575 longob
594 491 683 566 mari,
698 511 793 574 prope
808 501 823 528 ²
833 483 953 556 Cirtam
966 485 1128 572 oppidum,
1140 486 1305 571 utriusque
1320 495 1399 553 toti«-

216 582 299 644 sedit
311 579 484 642 exereitus:
502 593 533 640 et
547 579 621 660 quia
636 577 700 640 diei
716 593 893 642 extremum
906 573 981 650 erat,
993 575 1133 658 proelium
1145 595 1207 636 ooo
1220 575 1379 658 inceptum
1392 603 1404 650 ;

123 701 128 717 ·
203 664 271 729 ‘sed
284 662 529 750 ubi'plerumque
546 665 644 728 noctis
660 662 826 746 processit;
841 659 996 724 bobscuro
1008 663 1101 722 etiam
1113 674 1181 722 tum
1192 660 1400 738 lumine‚mi·

212 748 285 814 lites
301 751 493 833 Jugurtbini‚
508 742 601 832 signo
617 751 701 826 dato,
717 763 815 810 castra
835 748 974 814 bostium
994 745 1164 820 invadunt;
1188 746 1401 810 semisomnos

215 838 343 921 partim,
351 837 430 901 alios
441 857 526 900 arma
535 850 696 908 sumentes
707 833 830 915 fugant„
837 831 1033 916 funduntque
1043 857 1052 904 ;
1062 831 1223 895 'Atherbal
1235 853 1310 894 cum
1323 854 1401 918 pau-

214 925 260 987 cis
273 924 430 1006 equitibus
447 921 566 983 Cirtam
583 921 741 1004 profugit:
766 935 808 992 et,
823 919 855 979 nl
868 919 1037 1006 multitudo
1058 921 1258 1004 “togatorum
1274 917 1400 999 fuisset,

214 1031 284 1092 quae
302 1009 461 1070 Numidas
472 1007 669 1090 insequentes
682 1005 831 1068 moenibus
845 1004 1013 1087 prohibuit,
1025 1025 1087 1066 uno
1099 1005 1150 1066 die
1162 1005 1243 1066 inter
1253 1005 1338 1068 duos
1349 1027 1398 1069 re·

213 1117 270 1180 ges
281 1109 424 1177 ceptum,
438 1107 529 1175 atque
542 1109 696 1176 patratum
713 1091 794 1152 foret
806 1091 931 1152 bellum.
956 1091 1059 1170 Igitur
1069 1089 1225 1172 Jugurtha
1240 1090 1398 1174 oppidum

213 1178 435 1246 circumsedit:
450 1176 586 1256 evineta,
598 1179 799 1258 turribusque
811 1194 841 1240 et
855 1176 1005 1238 machinis
1019 1177 1161 1238 omnium
1176 1196 1327 1258 generum
1341 1199 1398 1242 ex·

213 1287 350 1351 pugnare
366 1265 567 1346 aggreditur:
590 1259 728 1326 maxime
746 1261 894 1326 festinans
917 1272 1062 1344 etempus
1081 1263 1256 1343 legatorum
1273 1277 1396 1334 anteca-

212 1373 298 1436 pere,
310 1373 388 1432 quos
400 1364 468 1412 aute
480 1349 619 1432 proelium
630 1349 747 1412 factum
760 1347 892 1410 Romam
904 1349 943 1409 ab
956 1348 1127 1410 Atherbale
1140 1349 1254 1409 missos
1266 1350 1396 1412 audive-

213 1453 282 1514 rat.
296 1436 360 1498 Sed
372 1451 536 1518 postquam
549 1451 673 1498 senatus
689 1438 727 1496 de
743 1435 824 1496 bello
841 1454 949 1496 eorum
964 1435 1092 1515 accepit,
1106 1448 1169 1494 tres
1183 1433 1397 1501 adolescentes

210 1523 245 1588 in
261 1522 407 1584 Africam
429 1522 581 1602 legantur,
598 1521 651 1602 qui
674 1522 782 1584 ambos
805 1540 896 1600 reges
913 1521 1040 1592 adeant;
1064 1519 1097 1580 S.
1115 1519 1150 1582 Ρζ
1169 1519 1212 1594 Q.
1231 1521 1272 1580 R.
1289 1522 1396 1584 verbis

197 1611 370 1686 ‘nuncient
389 1607 480 1678 velle,
496 1621 526 1668 et
547 1603 703 1679 fcensere‚
719 1627 772 1666 eos
794 1606 831 1665 ab
847 1606 941 1666 armis
956 1605 1136 1666 discedere:
1155 1605 1200 1668 de
1216 1622 1398 1671 controver-

194 1712 195 1718 ’
212 1693 270 1757 'siis
288 1693 353 1754 suis
363 1691 437 1774 jure
453 1693 556 1773 potius
572 1711 666 1774 quam
683 1691 763 1751 bello
779 1691 972 1772 disceptare:
996 1687 1164 1772 imaeque.
1180 1691 1302 1774 illisque
1323 1694 1400 1777 dig-

211 1799 290 1842 uum
305 1777 383 1858 lore.
408 1839 409 1842 ,
428 1777 542 1856 Legati
557 1778 588 1839 in
605 1775 751 1854 Africam
762 1775 1120 1839 ·matura1ites·ventd1it:=
1132 1776 1173 1840 ed
1189 1774 1291 1860 magis
1306 1778 1398 1862 quod

140 1901 141 1904 ¹
212 1863 333 1939 Roma,
345 1864 421 1927 dum
433 1862 588 1946 proficisci
603 1877 722 1945 parant,
735 1863 774 1922 de
790 1861 899 1944 proelio
909 1861 1003 1938 iacto,
1015 1875 1050 1924 et
1058 1864 1290 1946 oppugnatione
1301 1865 1399 1929 Cirtae

211 1946 409 2014 audiebatur.
453 1947 516 2010 Sed
532 1949 559 2010 is
574 1967 684 2012 rumor
705 1947 864 2010 ⁸clemens
880 1962 956 2009 erat.
1002 1947 1149 2020 Quorum
1164 1949 1325 2032 Jugurtho
1345 1964 1398 2016 ac·

160 2037 162 2042 ’
211 2038 299 2119 cepti
316 2036 455 2098 oratione
472 2035 643 2118 respondit,
659 2031 718 2096 sibi
733 2053 843 2114 aequev
855 2033 956 2116 majos
973 2035 1159 2116 quidquam,
1175 2057 1278 2118 neque
1292 2038 1398 2102 carius

210 2121 395 2188 auctoritate
408 2122 536 2182 senatus
548 2140 633 2186 esse:
651 2120 688 2182 ab
701 2117 908 2204 adolescentia
924 2123 978 2180 sui
995 2121 1037 2181 ita
1048 2143 1082 2180 se
1098 2121 1233 2197 enisum,
1244 2137 1281 2184 ut
1291 2125 1331 2186 ab
1340 2145 1412 2210 ops

187 2209 190 2218 ’
210 2209 290 2274 timo
313 2227 438 2288 quoque
461 2206 663 2288 probaretur:
687 2205 802 2266 virtute
822 2225 884 2264 uon
908 2205 1036 2280 malitia,
1055 2206 1091 2269 Ρ.
1108 2205 1258 2290 Scipioni,
1271 2229 1400 2292 summo
1491 2233 1496 2246 ·

148 2317 155 2334 t
209 2294 279 2356 viro
291 2295 463 2376 placuisse:
478 2293 517 2353 ob
529 2293 658 2354 easdem
671 2306 752 2354 artes
764 2312 781 2351 a
795 2289 944 2372 Micipsa,
956 2313 1017 2352 non
1030 2293 1160 2374 periurii
1173 2295 1357 2374 liberorum,
1367 2296 1401 2359 in

177 2447 179 2452 ,
209 2398 343 2461 reguum
356 2379 538 2460 adoptatum
550 2400 617 2442 esse
630 2401 637 2438 :
656 2376 817 2454 oaeterdm,
828 2375 892 2457 qud
906 2378 994 2460 plura
1006 2381 1095 2455 bene,
1105 2393 1199 2460 atque
1211 2379 1336 2444 strenue
1349 2381 1402 2445 ''fe-

209 2465 314 2538 cisset,
326 2463 368 2548 ed
378 2464 518 2540 animum
531 2465 626 2543 suum
639 2463 787 2546 iujuriam
798 2461 905 2524 mimis
921 2464 1072 2526 tolerare:
1091 2463 1299 2529 Atherbalem
1315 2469 1401 2531 dolis
1495 2480 1499 2494 '

194 2551 281 2614 'vitae
303 2571 367 2616 suae
390 2541 592 2612 insidiatum:
618 2551 705 2630 quod-
729 2547 781 2610 ubi
806 2548 1020 2631 comperisset,
1033 2553 1145 2612 sceleri
1169 2549 1294 2614 obviim
1316 2554 1410 2634 isse

182 2713 184 2718 ι
208 2636 359 2720 populum
376 2635 419 2697 R.
434 2655 536 2717 neque
552 2633 650 2712 recte,
660 2655 762 2716 neque
778 2653 834 2714 pro
847 2635 927 2696 bono
939 2633 1145 2712 facturum,si
1160 2637 1198 2700 ab
1213 2633 1308 2722 ljure
1322 2662 1400 2724 gen·

211 2723 304 2800 tium,
313 2743 381 2784 sese
389 2721 603 2804 prohibuerint
614 2743 622 2780 t
635 2721 807 2802 postremo,
817 2719 856 2780 de
870 2719 1014 2805 omnibus
1024 2723 1121 2786 rebus
1132 2723 1250 2805 legatos
1258 2723 1401 2791 Romam

114 2821 117 2826 ·
208 2803 299 2872 brevi
314 2807 496 2878 missurum.
521 2807 572 2870 lta
586 2819 595 2846 ¹
610 2807 736 2895 utrique
747 2805 981 2903 digrediuntur.
1003 2805 1182 2889 Atherbalis
1197 2805 1401 2894 kappellandi

739 2997 866 3048 roma.¹
1011 2965 1013 2970 ‘
1041 2975 1043 2977 ’
1158 3061 1163 3072 .

198 3177 202 3185 ·
241 3167 258 3200 a
272 3148 388 3216 dietum]
401 3151 624 3217 Regiaquondom
634 3147 791 3214 sultSypba-
845 3146 863 3198 f
872 3149 1002 3214 caruere]
1011 3140 1153 3218 Desertam
1166 3150 1281 3212 diction
1297 3157 1399 3206 Velim

166 3245 171 3260 .
207 3219 255 3278 cis,
266 3228 296 3268 ut
310 3220 385 3270 Livio
396 3219 501 3283 placem
519 3218 666 3276 Masinissa
680 3215 724 3268 aiii
735 3222 787 3266 tra·
812 3219 903 3269 Iubere
919 3217 1027 3270 de'toto
1046 3219 1075 3265 P.
1092 3219 1219 3280 Romano,
1232 3219 1292 3270 cdm
1308 3221 1398 3288 legem

207 3283 285 3336 dunt:
295 3282 365 3336 forte
376 3283 583 3350 utriusque'fuia
593 3301 651 3334 nam
660 3283 722 3335 huic
730 3297 787 3336 eam
804 3291 857 3339 aut
870 3282 972 3352 aliquid
984 3283 1056 3334 aliud
1067 3281 1200 3350 suffragiis
1210 3287 1343 3352 approbat.

206 3353 296 3418 Scipio
305 3353 424 3404 tradidit.
441 3355 500 3400 Non
510 3351 587 3417 longe*
600 3351 684 3404 distat
693 3349 787 3419 immi,
843 3345 1006 3418 §Clemens-1
1025 3349 1057 3402 ld'
1071 3353 1227 3418 est5Neque
1243 3351 1341 3406 multtlm
1356 3373 1398 3409 rea

205 3426 234 3471 et
247 3419 335 3480 hodie,
350 3421 510 3471 Constantino
523 3417 627 3470 dicitur.
691 3473 692 3478 ,
767 3435 768 3438 ’
810 3419 1063 3484 ipso‘prrlrominum
1081 3421 1397 3487 bojoariorumque

238 3487 256 3536 b
278 3485 408 3550 obscures]
433 3486 464 3536 ld
481 3492 532 3546 est,
550 3488 590 3535 die
605 3485 734 3550 primulum
750 3503 788 3537 re·
811 3500 860 3537 tam
873 3499 947 3536 atrox
956 3485 1094 3536 dicebatur.
1257 3540 1258 3550 γ

127 3604 130 3608 ,
205 3551 392 3605 deitaterforte
405 3553 478 3607 circa
489 3551 594 3606 tertiam
606 3555 695 3604 horam
707 3558 811 3607 matu-⁸
844 3555 941 3614 hJure
955 3553 1087 3618 gentium]
1105 3555 1172 3615 Quo,
1185 3554 1282 3622 cuique
1296 3551 1398 3608 illatam

205 3621 296 3670 tinam.
810 3619 933 3686 iujuriam
951 3617 1079 3685 repellere
1092 3619 1176 3670 liceis·
1193 3619 1323 3673 Caeterum
1334 3624 1403 3675 vide·

159 3716 162 3720 ι
238 3703 255 3736 c
277 3685 448 3752 Tegeatarum]
486 3685 519 3737 id
542 3693 592 3748 est,
615 3689 787 3752 Romanorum,
811 3688 874 3738 milti
894 3697 991 3756 quaeso,
1010 3701 1159 3752 quousque,
1177 3698 1206 3740 et
1223 3699 1319 3756 quanta
1337 3695 1398 3743 arlo

204 3752 302 3820 quibus
315 3763 377 3822 toga
388 3757 469 3805 vestis
481 3755 594 3819 prppria.
621 3755 786 3806 'commercii
810 3755 952 3822 nequitiam
972 3769 1047 3805 suam
1070 3764 1231 3820 promoveat¹
1246 3756 1401 3823 perditissi-

204 3819 649 3876 causdinurbecommorabautur.
809 3822 953 3872 muslatro.
988 3849 990 3854 a
1058 3879 1060 3886 Α
1140 3826 1172 3872 .’

182 3917 183 3922 =
237 3885 386 3950 ortacia]
410 3888 539 3940 Machina
561 3886 668 3938 luerunt
688 3887 785 3954 quibus
843 3889 853 3938 i'
868 3887 993 3952 Utrique]
1011 3889 1105 3954 legati
1115 3895 1144 3940 et
1156 3889 1295 3956 iugurtha.

203 3951 336 4021 precipue
355 3953 382 4002 in
400 3953 509 4004 diutinis
527 3954 711 4014 obsidionibus
730 3962 786 4007 ute·
841 3954 1040 4022 kippelloadii
1061 3956 1134 4007 Dolis
1147 3958 1285 4021 iugurthae
1296 3955 1400 4009 factum

148 4029 153 4041 ·
202 4022 309 4083 bantur,
318 4035 353 4072 ex
364 4020 456 4070 leviori
467 4021 549 4087 liguo,
559 4030 587 4072 et
599 4021 715 4074 cratibus
726 4038 785 4072 con·
806 4031 856 4084 est,
868 4039 899 4074 ue
910 4023 1081 4074 Atherbalem
1094 4022 1175 4091 legati
1186 4025 1398 4090 alloquerentur,

202 4099 291 4153 textae,
303 4088 353 4140 sub
362 4087 460 4154 quibus
471 4089 559 4154 plures
570 4085 677 4149 milites,
686 4090 718 4152 ab
725 4090 784 4140 hos·
806 4105 840 4140 ex
852 4103 901 4153 quo
913 4105 979 4150 rem,
991 4087 1032 4142 uti
1047 4099 1106 4142 acta
1117 4097 1183 4152 erat,
1194 4093 1398 4158 cognovissent:

202 4157 269 4208 tium
281 4155 424 4206 missilibus
436 4155 488 4203 tuti
499 4151 676 4206 subsidebairt.
787 4183 789 4188 ·
808 4166 837 4207 ut
849 4159 961 4220 scilicet,
973 4171 1034 4224 post
1045 4175 1137 4210 eorum
1150 4158 1310 4220 discessum,
1324 4157 1399 4226 quod

235 4239 251 4274 e
271 4221 401 4288 Tempus]
424 4221 525 4284 idest,
545 4227 611 4274 Ante
631 4226 785 4274 atherbalem
805 4225 913 4286 erfecit,
922 4241 982 4275 eum
994 4226 1166 4284 interficerem
1181 4225 1277 4276 deiude
1287 4241 1399 4276 causam

202 4294 341 4352 extingere,
354 4291 427 4354 purim
442 4293 491 4354 ipsi
503 4291 581 4341 Rotae
598 4299 662 4357 opem
675 4302 701 4358 et
712 4295 783 4342 auxi·
806 4292 1039 4358 mortisquidlibet
1046 4297 1198 4360 Romae,per
1206 4291 1323 4345 nefarios
1334 4293 1400 4346 ami·

202 4357 261 4406 liam
272 4359 350 4420 legati
362 4363 401 4410 aui
412 4359 556 4408 attulissent.
806 4373 860 4420 tos,
872 4367 1039 4426 praetexeret.

1483 4039 1504 4327 t
