3034 5060
396 303 599 373 nattum
622 299 996 388 Juounaumuu.
1188 382 1196 395 ,
1226 311 1285 372 iu

106 496 171 547 ret:
197 479 407 544 Hamilcarem
422 478 592 564 quendam,
605 475 764 551 hominem
780 475 928 551 nobilem,
942 471 1120 550 factiosum,
1132 476 1221 540 novis
1236 497 1288 540 re-

106 571 166 636 b'us
181 569 324 634 studeret
348 568 517 630 adversum
538 585 632 646 quem
652 584 752 644 neque
769 563 901 645 imperia
920 561 1170 644 magistratuum,
1185 585 1288 646 neque

104 657 194 738 leges
208 655 360 724 valerent:
384 654 416 716 ni
437 653 470 713 id
490 650 660 722 festinaret,
675 649 707 718 in
726 671 852 710 summo
874 647 1012 730 periculo
1033 669 1124 710 suam
1146 647 1290 726 salutem,

20 799 23 814 ,
104 741 252 805 ²illorum
273 740 386 813 socios,
400 735 478 799 lore.
524 737 610 800 Nam
633 736 804 817 Leptitani,
822 735 890 815 jam
907 733 979 798 inde
1002 733 1019 796 a
1042 735 1194 818 principio
1216 735 1290 798 belli

105 825 299 910 Jugurthini,
314 826 355 886 ad
380 823 519 887 Bestiam
540 823 710 898 consulem,
726 836 758 882 et
771 817 878 903 postea
896 819 1029 898 Romam
1048 822 1195 894 miserant
1211 823 1297 882 amia

104 911 224 989 citiam,
245 912 489 990 societatemque
507 923 666 992 rogatum.
712 907 808 982 Dein,
830 908 883 969 ubi
908 928 944 968 ea
969 907 1143 990 impetrata,
1164 927 1291 988 semper

103 997 189 1076 boni,
205 997 376 1077 fidelesque
398 993 564 1058 mansere:
585 1010 617 1058 et
639 1009 748 1058 cuncta
771 989 788 1052 ὲ
812 992 929 1070 Bestia,
945 993 1074 1068 Albino,
1092 992 1291 1075 Metelloque

20 1081 22 1098 '
104 1082 257 1166 imperata
278 1082 352 1150 navi
376 1079 523 1142 fecerant.
577 1080 689 1162 Itaque
711 1081 751 1140 ab
772 1079 963 1161 Imperatore
986 1077 1090 1158 facile,
1114 1103 1182 1162 quae
1204 1097 1291 1160 pete·

103 1169 188 1244 bant,
201 1166 319 1250 adepti.
364 1163 497 1230 Emissae
513 1164 552 1229 eb
568 1166 713 1228 cohortes
728 1165 885 1244 Ligurum
901 1180 1045 1245 quatuor,
1061 1183 1091 1230 et
1108 1165 1146 1230 C.
1163 1167 1292 1234 Annius

103 1252 281 1336 praefectus.
316 1253 356 1314 Id
371 1252 521 1334 oppidum
538 1253 577 1314 ab
591 1249 753 1312 bSidoniis
769 1251 928 1324 conditum
945 1263 1004 1327 est,
1019 1273 1098 1334 quos
1113 1253 1292 1336 accepimus

101 1339 268 1422 profugos,
283 1339 323 1402 ob
342 1336 515 1400 discordias
531 1335 650 1412 civiles,
664 1335 796 1398 navibus
816 1335 848 1396 in
866 1356 920 1396 eos
939 1336 1024 1398 locos
1038 1338 1179 1402 venisse:
1202 1357 1292 1406 caete·

101 1425 180 1487 nim
196 1423 312 1486 ¹situm
329 1423 410 1486 inter
420 1423 498 1484 duas
512 1422 631 1506 Syrtes,
642 1423 755 1504 quibus
769 1439 881 1482 nomen
893 1441 934 1482 ex
948 1429 1000 1482 era
1012 1423 1159 1486 inditum.
1205 1425 1293 1490 Nam

30 1589 32 1594 Ι
102 1511 172 1574 duo
191 1523 263 1590 sunt
283 1506 393 1572 dsinus
411 1506 509 1592 propri
531 1509 564 1570 io
587 1507 748 1570 ‘exuent
769 1503 893 1583 Africa,
910 1505 1045 1589 impares
1064 1511 1294 1592 magnitudine,

101 1595 172 1678 pari
188 1609 315 1662 natura:
339 1611 474 1676 quorum
495 1594 639 1676 proxima
656 1609 745 1654 tetrae
766 1593 909 1673 ²praealta
926 1607 1009 1670 sunt,
1025 1613 1145 1672 caetera,
1161 1593 1207 1661 uti
1223 1619 1293 1662 sors

102 1681 186 1756 tulit,
202 1681 282 1744 alta:
299 1681 359 1744 alia
374 1682 406 1742 in
417 1693 601 1762 tempestate
614 1679 741 1742 vadosa.
778 1678 864 1740 Nam
880 1680 932 1742 ubi
949 1701 1034 1742 mare
1052 1703 1200 1764 magnum
1213 1707 1295 1762 esse,

102 1781 137 1830 et
159 1767 268 1828 saevire
283 1767 385 1828 ventis
407 1765 507 1846 eoepit,
520 1767 644 1836 limum,
658 1781 860 1844 arenamque,
874 1778 906 1826 et
925 1786 1000 1826 saxa
1022 1767 1159 1850 ingentia
1178 1770 1294 1834 fluctus

20 1921 21 1924 Ἴ
101 1851 252 1923 trahunt;
275 1851 319 1912 ita
333 1848 430 1933 facies
450 1850 592 1912 locorum
614 1869 686 1912 eum
702 1849 802 1910 ventis
819 1849 912 1910 simul
935 1865 1084 1914 mutatur.
1128 1853 1235 1935 Syrtes
1253 1859 1292 1920 ab

100 1951 206 2000 tractu
220 1935 394 1998 nominatae.
440 1933 520 2018 Ejus
542 1932 677 1998 civitatis
696 1933 803 2015 lingua
825 1932 921 1996 modo
944 1934 1116 2000 ³eonverea
1136 1943 1305 2004 connubio·

103 2021 335 2084 Numidarum.
358 2022 496 2103 Legum,
507 2021 672 2102 cultusque
687 2019 833 2101 pleraque
845 2018 1010 2082 Sidonica:
1029 2043 1096 2102 quae
1113 2020 1152 2086 eb
1167 2021 1294 2095 facilius

101 2107 289 2184 retinebant,
304 2106 392 2187 qudd
408 2105 515 2188 procul
530 2107 568 2168 ab
586 2105 719 2187 imperio
740 2099 843 2188 fregis
858 2119 979 2166 aetatem
995 2108 1138 2188 agebant.
1182 2109 1295 2174 ⁴Ioter
1378 2155 1384 2166 .

103 2193 188 2267 illos,
202 2205 234 2258 et
247 2191 444 2274 frequentem
460 2191 652 2256 Numidiam
667 2190 775 2254 inculti
789 2191 932 2272 vastique
948 2191 1008 2254 loci
1024 2209 1122 2256 erant.

119 2351 122 2354 ,
149 2277 214 2342 Sed
231 2278 378 2360 quoniam
393 2277 426 2341 in
440 2278 496 2340 has
510 2277 654 2360 regiones
669 2297 726 2359 per
744 2276 982 2358 Leptitanorum
998 2281 1123 2362 negotia
1139 2280 1295 2362 venimus,

103 2387 167 2427 non
178 2373 195 2428 β
205 2364 369 2446 indignum
378 2364 515 2440 videtur,
524 2363 700 2446 egregium,
708 2377 801 2444 atque
814 2363 1015 2424 memorabile
1026 2363 1145 2428 facinus
1158 2370 1295 2432 duorum

105 2449 414 2530 Carthaginiensium
434 2469 628 2510 memorare:
653 2469 722 2510 eam
738 2467 805 2509 rem
819 2469 877 2511 nos
897 2449 985 2509 locus
1004 2450 1175 2514 admonuit.
1221 2455 1295 2529 Qui

104 2550 291 2618 tempestate
307 2535 580 2618 Carthaginienses
602 2535 756 2631 pleraeque
778 2531 898 2596 Africae
921 2534 1148 2616 imperitabant.
1194 2540 1294 2622 Cyre-

104 2641 218 2686 nenses
233 2641 360 2704 quoque
372 2621 478 2708 magni
491 2635 584 2705 atque
596 2621 734 2704 opulenti
751 2613 854 2682 luere.
878 2620 970 2704 Ager
982 2622 1014 2682 in
1027 2623 1133 2686 medio
1145 2645 1295 2689 arenosus

494 2807 496 2810 ’
551 2827 852 2880 ruranaanrlrto,

150 3013 163 3048 ¹
181 3005 329 3072 Ceterum
345 3009 494 3092 oppidum
502 3005 636 3093 positum
647 3019 693 3070 est
715 2997 831 3070 mutata
844 3019 905 3092 per
918 3011 1067 3072 connubia
1081 3011 1296 3075 Numidarum.

105 3099 194 3160 inter
202 3095 280 3156 duos
290 3096 410 3179 Syrtes.
756 3097 769 3130 ⁴
786 3095 873 3156 Inter
890 3095 970 3170 illos,
987 3111 1016 3158 et
1040 3100 1210 3160 hominibus
1222 3097 1296 3182 sre-

151 3184 166 3219 2
188 3180 328 3268 Quorum
347 3184 493 3264 praecium
514 3181 582 3243 loca
603 3192 693 3243 terrae
714 3192 888 3264 quentutum
905 3179 1084 3244 Numidiam
1105 3185 1162 3248 loci
1188 3185 1297 3250 inculti

105 3279 181 3332 eunt
195 3267 328 3329 maxime
338 3267 507 3350 profunda.
715 3267 854 3350 uastique
867 3279 967 3334 erunt.

152 3351 262 3435 ?Ejur
282 3352 419 3417 civitatis
441 3354 550 3436 lingua
571 3349 694 3417 tautum
932 3350 934 3358 ’

641 3521 757 3572 uuTAE.

143 3693 160 3726 a
172 3675 292 3740 lituum]
303 3679 486 3728 Romanorum.
510 3719 514 3728 .
717 3673 869 3740 originalim
883 3691 941 3726 nam
952 3695 1016 3748 rugo
1025 3681 1175 3734 Graecorum
1183 3687 1225 3732 est
1237 3685 1301 3734 m,

26 3739 29 3745 ’
108 3771 116 3782 ·
143 3741 302 3808 bSidoui'in]
323 3745 402 3794 Sidon
415 3745 476 3795 urbs
489 3743 540 3794 luit
552 3743 695 3796 Palaestinae
716 3745 744 3791 bo
755 3744 913 3792 Latinorum.

108 3813 304 3879 antiquissima,
333 3812 503 3876 plurimarum
534 3811 693 3861 coloniarum
749 3807 879 3872 citimus]
904 3811 1138 3879 GallJleagnlfee.
1171 3819 1301 3866 ltsroca-

108 3887 206 3938 maten
217 3893 368 3944 quanquam
380 3881 451 3944 Tyro
460 3879 577 3928 nonnulli
589 3879 693 3944 Leptim
716 3882 761 3928 tur
778 3891 859 3937 mare,
871 3875 933 3928 cum
951 3879 1049 3930 alicubi
1066 3882 1143 3932 litora
1159 3893 1260 3944 curvat,
1272 3891 1301 3934 et

109 3947 271 3996 adscribunt.
289 3945 340 3994 Sed
353 3945 504 4005 notandum,
516 3946 631 4012 quodue
641 3945 694 3995 illis
717 3952 801 3994 terras
813 3945 904 3994 intrat.

109 4013 228 4076 urbibus,
245 4021 357 4080 propter
369 4013 548 4065 vicinatatem.
559 4022 586 4062 et
603 4013 695 4062 simili·
749 4025 764 4060 e
777 4009 928 4076 Eunaeum]
951 4011 1051 4064 Versus
1068 4015 1205 4070 orientem,
1220 4023 1249 4066 et
1261 4029 1302 4066 se.

109 4079 239 4141 tudinem,
251 4079 333 4130 etiam
353 4079 438 4144 ipsius
454 4079 556 4130 clarinti
571 4096 651 4130 unum
667 4087 693 4128 et
717 4076 829 4128 cundum
842 4088 956 4128 veterem
970 4083 1170 4147 Geographiam

109 4147 183 4200 idem
193 4144 242 4196 fuit
249 4147 391 4210 judicium.
750 4141 764 4192 f
772 4145 871 4208 Regis]
883 4147 1038 4216 Quicunque
1051 4149 1157 4198 taudem
1174 4149 1205 4196 iis
1219 4147 1300 4212 impe·
1355 4167 1357 4172 ·

146 4227 161 4262 o
176 4213 234 4276 uu]
246 4216 340 4263 Tartaru
350 4213 462 4272 seilicet,
472 4220 500 4262 ut
510 4213 615 4264 dicetur
623 4219 696 4278 post·
718 4211 843 4270 ritaverit,
862 4214 918 4261 sive
938 4217 1089 4276 Masinissa,
1111 4215 1233 4280 Micipsa,
1253 4225 1301 4266 atat

111 4279 221 4336 modum
231 4277 262 4335 ab
276 4283 333 4345 ipso
346 4280 479 4334 Sallustio.
502 4283 539 4334 At
552 4285 643 4332 Graeca
655 4289 696 4332 est
718 4279 777 4343 quis
791 4277 858 4330 alius
872 4280 960 4330 fuerit.

750 4345 936 4416 guitigem]
950 4349 1017 4400 Gall.
1029 4351 1091 4399 uua
1105 4351 1234 4415 deprepot.
