3034 5060
240 301 300 358 152
555 315 559 324 .
706 287 955 356 SALLUSTII

236 487 345 531 eorum
361 461 556 530 antevenire:
573 461 649 526 nihil
664 459 745 546 ap'ud
762 487 794 526 se
810 465 987 542 remissum,
998 483 1098 548 neque
1114 466 1197 548 apud
1213 467 1290 532 alios
1300 482 1417 554 tutum,

235 555 310 640 pati.
334 551 444 633 Itaque
462 549 609 624 Gaetulus,
625 566 656 612 et
666 551 865 632 Jugurtham‚
882 553 939 612 ¹ex
950 553 1042 614 sociis
1059 555 1171 616 nostris
1188 555 1310 636 praedas
1322 564 1414 642 agen·

235 660 293 718 tes,
308 635 388 720 saepb
405 657 568 718 aggressus
581 637 610 696 in
622 635 730 698 itinere
745 636 887 708 fuderat3
906 637 1070 720 ipsumque
1086 660 1193 721 regem
1208 640 1292 708 haud
1307 647 1415 724 procul

234 729 273 791 ab
288 727 404 808 oppido
419 723 515 796 Cirta,
526 721 620 783 armis
633 737 771 784 exuerat.
817 721 898 796 Quae
912 737 1076 806 postquam
1091 724 1225 806 gloriosa
1241 729 1350 805 modd,
1362 751 1418 794 ne·

234 835 296 896 que
312 811 393 884 belli,
414 809 572 889 ²patrandi
588 809 753 890 cognovit;
776 809 882 874 statuit
902 809 1006 885 urbes,
1022 829 1089 890 quae
1104 809 1191 886 viris,
1206 825 1260 874 aut
1273 813 1344 876 loco
1359 835 1417 899 pro

233 897 385 972 hostibus,
400 908 432 958 et
446 893 611 956 adversum
632 916 664 954 se
684 894 952 976 opportunissimae
974 909 1071 970 erant,
1087 895 1224 979 singulas
1242 899 1416 965 circumve-

231 986 316 1052 nire:
332 983 375 1042 ita
390 979 578 1062 jugurtham
594 994 647 1042 aut
660 979 812 1061 praesidiis
824 980 988 1056 nudatum,
999 981 1024 1042 si
1042 1003 1078 1042 ea
1091 994 1258 1064 pateretur,
1270 1001 1325 1048 aut
1336 1007 1415 1068 prce·

230 1074 275 1132 lio
290 1084 488 1132 certaturum.
536 1067 621 1126 Nam
639 1065 781 1127 Bocchus
796 1066 925 1128 nuncios
941 1063 1020 1150 saepe
1037 1068 1077 1128 ad
1092 1089 1165 1129 eum
1181 1069 1317 1146 miserat,
1331 1074 1413 1135 velle

230 1157 337 1240 populi
358 1154 453 1216 Rom.
474 1151 655 1227 amicitiam,
670 1173 707 1214 ne
724 1151 802 1233 quid
817 1152 855 1212 ab
870 1174 902 1214 se
916 1153 1027 1215 hostile
1042 1153 1174 1216 timeret.
1224 1153 1261 1218 Id
1282 1157 1413 1220 simula·

229 1243 361 1319 vetitae,
380 1238 446 1323 qub
469 1239 657 1321 improvisus
679 1237 803 1320 gravior
826 1240 1006 1312 accederet;
1029 1260 1066 1302 an
1090 1239 1262 1302 mobilitate
1283 1242 1414 1325 ingenii,

229 1331 358 1412 ³pacem
375 1344 467 1407 atque
483 1325 597 1386 bellum
619 1340 737 1386 mutare
754 1323 881 1397 solitus;
905 1345 1016 1407 parum
1030 1325 1224 1408 exploratum
1246 1341 1304 1389 est.
1347 1328 1413 1391 Sed

229 1417 347 1490 consul,
363 1409 409 1474 uti
432 1426 590 1481 statuerat,
612 1410 737 1492 oppida,
754 1410 938 1491 castellaque
961 1411 1080 1472 munita
1102 1407 1208 1476 adire:
1231 1415 1347 1494 partim
1368 1415 1414 1494 vi,

228 1503 288 1566 alia
304 1507 401 1574 metu,
416 1515 469 1560 aut
484 1493 612 1578 pralnia
627 1497 821 1570 ostentando,
835 1498 1014 1558 ⁴averetere
1030 1497 1068 1558 ab
1083 1495 1234 1558 hostibus.
1279 1497 1332 1562 Ac
1347 1501 1413 1582 pti-

228 1586 283 1650 mb
305 1583 499 1646 “mediocria
521 1582 656 1662 gerebat,
672 1581 852 1640 existimans
868 1581 1056 1664 Juguttham
1072 1583 1111 1644 ob
1126 1583 1197 1644 suos
1212 1586 1360 1646 tutandos
1377 1587 1413 1648 in

227 1691 338 1735 manus
353 1684 529 1732 venturum.
574 1664 637 1726 Sed
653 1665 704 1726 ubi
722 1665 808 1726 illum
825 1667 933 1747 procul
948 1667 1066 1743 abesse,
1080 1683 1111 1729 et
1127 1668 1192 1729 aliis
1207 1670 1342 1749 negotiis
1359 1671 1411 1732 in·
1514 1699 1515 1718 1

226 1773 348 1820 tentum
368 1753 497 1834 accepit,
512 1751 631 1834 majora
648 1766 680 1811 et
698 1747 801 1832 magis
821 1773 929 1833 aspera
946 1753 1075 1836 aggredi
1093 1768 1213 1836 tempus
1227 1751 1333 1818 visum
1348 1770 1409 1819 est.
1514 1757 1515 1800 l

228 1841 307 1904 Erat
323 1842 403 1900 inter
417 1840 557 1921 ingentes
572 1837 754 1898 solitudines
770 1837 919 1920 oppidum
937 1859 1097 1920 maguum,
1113 1854 1206 1920 atque
1220 1840 1340 1918 valens,
1354 1863 1411 1904 no-

226 1929 311 1990 mine
328 1927 448 2007 Capsa;
465 1924 554 2006 cujus
565 1923 708 1984 conditur
720 1919 873 1984 Hercules
889 1924 988 2006 Libys
1004 1927 1242 2006 memorabatur.
1269 1924 1352 2010 Ejus
1367 1929 1411 1990 ti·

226 2035 282 2077 ves
292 2015 373 2098 apud
386 2011 574 2092 Iugurtham
590 2009 757 2084 immunes,
769 2006 853 2072 blevi
865 2011 1008 2092 imperio,
1017 2025 1048 2072 et
1061 2011 1101 2072 ob
1117 2033 1157 2075 ea
1170 2011 1342 2074 fidelissimi
1355 2013 1412 2076 ha·

225 2103 391 2162 bebantur:
406 2095 517 2158 muniti
529 2095 699 2158 adversum·
705 2094 810 2156 hostes
822 2110 883 2162 non'
893 2097 1040 2158 moeuibus
1054 2095 1162 2169 modb,
1171 2112 1203 2160 et
1212 2098 1304 2158 armis
1312 2113 1411 2182 atque

225 2186 314 2261 viris,
324 2181 435 2246 verbm
452 2182 546 2242 etiam
559 2177 658 2242 multb
673 2175 775 2260 magis
786 2180 924 2246 locatum
937 2180 1109 2265 asperitate.
1137 2183 1223 2246 Nam
1236 2199 1410 2266 praetetop·

225 2272 301 2356 pido
316 2269 499 2352 propinqua,
513 2265 572 2328 alia
589 2266 694 2327 omnia
710 2279 807 2339 vasta,
822 2265 948 2342 inculta,
963 2269 1086 2351 egentia
1101 2289 1200 2350 aqua,
1217 2269 1329 2332 infesta
1345 2291 1410 2332 ser-

225 2356 387 2438 pentibus:
405 2373 535 2435 quarum
553 2352 611 2426 vis,
627 2353 708 2416 sicut
723 2351 863 2414 omnium
876 2351 1024 2428 ferarum,
1036 2354 1138 2437 inopiis
1153 2353 1215 2417 cibi
1231 2355 1350 2418 acrior:
1367 2358 1409 2419 ad

223 2442 295 2518 hoc,
309 2455 418 2502 natura
433 2437 622 2520 serpentium
638 2439 724 2519 ⁶ipsa
739 2438 923 2521 perniciosa,
934 2439 985 2502 siti
1001 2437 1113 2522 magis,
1125 2437 1221 2522 quim
1233 2441 1292 2502 aliti
1302 2429 1347 2520 be,
1357 2464 1409 2504 ac-

225 2527 378 2592 cenditur.
398 2523 477 2609 Ejus
487 2524 628 2606 potiundi
639 2523 781 2586 Marium
791 2524 1051 2609 maximacupido
1061 2528 1306 2602 invaserat,cum
1315 2549 1409 2612 prop-

223 2631 271 2676 ter
286 2633 377 2675 usum
389 2611 473 2688 belli,
486 2627 553 2677 tum
570 2610 703 2690 quietes
719 2629 826 2690 aspera
841 2611 1023 2674 videbaturt
1040 2625 1071 2674 et
1088 2611 1240 2674 Metellus
1252 2614 1406 2697 oppidum

223 2699 356 2760 Thalam
371 2699 484 2778 magnai
499 2697 596 2778 gloria
611 2710 744 2777 ceperat,
757 2695 842 2757 haud
857 2697 1051 2760 dissimiliter
1062 2698 1158 2760 situm
1168 2699 1406 2784 munitumque3

221 2786 282 2846 uisi
298 2779 386 2864 qubd
401 2781 484 2864 apud
499 2779 632 2844 Thalam
654 2801 715 2842 nun
737 2777 828 2864 longe
850 2779 867 2842 t
889 2783 1039 2847 maenibus
1055 2784 1172 2870 aliquot
1186 2782 1289 2848 lantes
1305 2799 1404 2864 erant,

662 2947 957 3000 INTERPRETATIO.

262 3076 469 3165 ¹Aggressus
485 3077 613 3138 Gaetztlas
626 3087 655 3138 et
671 3075 798 3160 Jagttr·
820 3079 989 3152 mallaverit,
1019 3089 1053 3140 ttt
1081 3079 1232 3141 accederet
1256 3079 1404 3162 gravior,

220 3165 304 3224 tbam
323 3167 355 3224 in
374 3164 494 3236 itinere,
514 3163 566 3245 qui
583 3164 706 3242 predas
726 3183 798 3244 age·
819 3165 886 3226 eiam
909 3165 945 3226 de
967 3165 1128 3247 improvisa
1154 3167 1334 3237 accederem
1357 3185 1403 3226 an

219 3249 291 3310 bant
314 3249 357 3320 de,
369 3249 460 3309 sociis
484 3248 610 3326 nastris,
635 3249 715 3330 soepe'
744 3270 797 3310 eos
819 3251 892 3333 quia
909 3251 1017 3312 salitus
1036 3262 1114 3325 erat,
1133 3271 1172 3312 ex
1190 3251 1352 3314 mobilitate
1368 3261 1402 3313 et

183 3377 184 3382 κ
206 3335 349 3419 fiderat.
818 3337 938 3398 lenitate
952 3336 1083 3420 ingenii,
1098 3347 1217 3398 mutare
1230 3347 1336 3420 pacem
1351 3348 1404 3396 at-

258 3415 378 3506 ²Quoe.
395 3430 558 3504 postquam
575 3417 700 3484 Mariua
716 3422 797 3483 videt
817 3444 874 3506 que
890 3421 1004 3499 bellum,
1021 3435 1051 3486 et
1070 3418 1152 3486 madb
1172 3423 1237 3502 bae,
1256 3417 1340 3488 modb
1363 3423 1403 3482 il·
1511 3459 1512 3466 κ

216 3523 280 3570 esse
295 3506 415 3572 tantam
423 3505 573 3589 gloriosa,
584 3526 678 3590 neque
689 3509 731 3568 ad
738 3507 796 3570 bel·
817 3509 889 3580 lum,
899 3510 996 3592 sequi.
1511 3533 1513 3566 r

214 3591 795 3678 lumfiniendumspectarastatuitsin-
858 3598 871 3633 ⁴
896 3595 1044 3658 Hostibus
1066 3594 1224 3670 adimebat,
1245 3605 1277 3656 et
1298 3594 1335 3657 ab
1357 3593 1402 3656 iis
1499 3643 1506 3654 .

128 3681 129 3688 ’
210 3675 304 3757 galas
320 3680 408 3742 urbes
423 3679 653 3750 circumvenire,
669 3699 734 3762 pate
749 3679 794 3738 ai·
816 3679 969 3742 alienabat
985 3681 1101 3764 oppida
1116 3695 1148 3741 et
1163 3681 1298 3759 castella.

213 3761 416 3836 ris,autlaca‚
430 3775 519 3825 erant
534 3763 796 3846 opportunissima·
858 3770 870 3803 ⁵
894 3765 1049 3830 Proetereti
1074 3779 1187 3830 natura
1209 3767 1402 3848 serpentium

212 3847 359 3924 bastibrts,
374 3862 403 3910 et
413 3849 472 3910 sibi
488 3850 637 3912 adversae.
811 3863 870 3934 per
878 3873 911 3913 se
914 3854 1099 3936 perniciosa,
1107 3849 1400 3936 accenditurmagis

254 3933 396 3996 ³Puram
412 3937 567 4017 cognitam
582 3947 637 4014 est,
648 3957 688 3998 an
703 3936 739 3998 id
749 3937 792 3998 si·
815 3939 870 4001 siti
885 3935 976 4024 qubm
991 3961 1025 4003 re
1039 3941 1114 4003 alib.

1506 4173 1513 4335 l

744 4103 858 4152 NOTAE.

241 4207 427 4268 abraamem]
444 4209 501 4258 Non
515 4211 605 4262 statim
618 4209 789 4277 difficiliaag·
844 4211 860 4260 b
879 4213 960 4279 Lesb]
981 4213 1082 4273 Quibus
1104 4216 1194 4286 gravia
1211 4231 1267 4278 uon¹
1284 4215 1402 4281 impert·

208 4289 315 4336 gressus
332 4285 374 4326 est
391 4287 424 4324 ne
438 4274 505 4324 torte
518 4277 720 4328 difficultatibus
738 4280 787 4330 cit·-
811 4278 911 4332 bantur.

206 4340 533 4410 cumventusalugurthb
543 4349 744 4410 opprimeretur.
1510 4331 1511 4360 ¹
