3034 5054
464 352 469 362 ,
549 277 863 371 assemsum.
1234 292 1294 376 ys

157 455 342 540 Postquam,
352 465 471 518 remoto
479 466 573 518 metu
585 451 896 530 Punico,simultates
907 469 1053 532 exercere,
1064 471 1196 520 vacuum
1207 452 1290 532 tuit,

116 546 258 630 plurimae
273 544 377 618 turbae,
392 539 572 622 seditiones,
588 553 619 600 et
637 539 679 600 ad
697 535 892 621 postremum
906 538 986 600 bella
1001 537 1105 600 civilia
1119 555 1186 602 orta
1201 556 1292 604 sunt:

115 632 195 692 dnm
211 629 298 710 pauci
313 619 463 710 potentes,
478 622 616 706 quordnt
635 623 692 685 “in
707 623 805 706 gratii
813 621 953 706 plerique
965 638 1190 702 concesserant,
1210 623 1292 691 ”sub

114 715 245 794 honesto
264 728 397 795 patrum,
413 724 466 774 aut
480 709 578 794 plebis
596 709 721 772 nomine
736 708 963 772 dominationes
986 709 1185 784 affectabant;
1207 710 1294 778 boni·

116 819 179 882 que
199 799 316 861 et'mali
332 799 419 860 cives
432 794 586 879 appellati,
601 814 662 856 non
676 794 717 856 ob
732 793 844 856 merita
858 793 890 855 in
905 793 1138 876 rempublicam,
1150 794 1294 860 omnibns

115 883 231 966 pariter
243 883 408 966 corruptis,
419 883 475 943 sed
491 875 539 942 uti
551 873 684 962 quisque
699 878 971 962 locupletissimus,
982 894 1013 941 et
1027 879 1140 962 injurii
1153 880 1296 957 validior,
1363 922 1367 931 «

115 969 211 1050 cquia
232 968 394 1051 praesentia
413 963 609 1043 defendebat,
630 985 688 1047 pro
710 966 790 1028 bono
811 964 990 1027 ducebatur.
1035 962 1113 1026 dlix
1134 987 1197 1047 quo
1216 979 1296 1028 tem·

115 1073 189 1138 pore
211 1055 367 1138 majorum
389 1069 504 1130 mores,
518 1071 579 1112 non
601 1050 761 1132 paulatim,
775 1063 809 1112 ut
830 1047 930 1126 antei,
945 1047 1002 1112 sed
1023 1052 1168 1114 torrentis
1187 1053 1296 1126 modo,

114 1137 338 1222 epraecipitati:
366 1137 444 1199 adeo
461 1135 612 1220 juventus
632 1136 715 1202 luxu,
737 1149 829 1216 atque
852 1135 980 1198 avaritiis
1001 1151 1145 1217 corrupta
1166 1152 1224 1212 est,
1245 1133 1293 1200 uri

114 1221 229 1288 meritb
246 1223 380 1298 dicatur,
396 1220 517 1303 genitos
532 1242 612 1294 esse,
623 1222 677 1300 qui
691 1238 791 1300 neque
808 1219 871 1301 ipsi
877 1219 991 1282 habere
1003 1235 1128 1302 possent
1142 1240 1192 1284 res
1203 1221 1295 1296 fami·

112 1310 217 1387 liarcs,
230 1328 332 1388 neque
348 1308 424 1368 alios
439 1307 514 1387 pati.
558 1304 629 1367 Art.
645 1304 757 1366 Gellius
772 1316 801 1366 et
816 1304 1020 1387 Augtartinus.

120 1453 122 1458 ,
158 1393 282 1477 flgitur
297 1392 433 1456 venditis
446 1391 690 1473 proscriptorum
706 1389 804 1466 bonis,
820 1406 872 1452 aut
887 1389 1051 1473 dilargitis.
1086 1389 1155 1453 Aur.
1171 1392 1295 1457 Gellius.

116 1538 120 1550 ,
159 1479 200 1542 ld
225 1478 340 1540 bellum
362 1475 515 1540 excitabat
537 1485 663 1540 ⁸nrctus
686 1474 830 1558 Pompeii
850 1475 977 1539 victoris
997 1473 1239 1560 hlleimpsalem
1263 1481 1298 1542 in

114 1585 247 1650 regnum
263 1562 463 1640 restituentis.
507 1561 600 1624 Idem.

157 1645 369 1728 Maximcquc
383 1644 500 1709 ferocia
514 1647 598 1730 regis
612 1644 832 1712 iMithridatis
847 1645 879 1711 in
893 1659 1033 1732 tempore
1049 1647 1203 1714 bellaturi.
1227 1650 1297 1714 Dr·

113 1745 209 1801 nolus
220 1747 250 1797 et
265 1732 450 1806 Arusianus.
1289 1767 1292 1776 ·

159 1819 247 1908 Quin
262 1820 388 1879 lenones
402 1831 434 1878 et
444 1816 567 1894 vinarii,
581 1815 729 1900 laniiqne,
744 1837 878 1898 quorum
892 1817 1039 1901 praeterci
1053 1820 1166 1906 vulgus
1181 1823 1295 1888 indies

113 1926 209 1973 usum
224 1903 327 1979 habet,
341 1900 441 1983 pretio
457 1901 655 1983 l‘compositi
702 1901 855 1963 Carisius.

116 2049 118 2054 .
159 1991 268 2054 Genus
284 1987 379 2051 armis
395 1984 495 2066 ferox,
510 2001 542 2048 et
553 1985 674 2049 servitii
689 1986 860 2050 insolitum.
903 1985 1089 2054 Arusianus.

222 2188 225 2194 ·
241 2159 290 2225 M.
307 2158 424 2244 AEmilii
440 2157 549 2242 Lepidi
560 2157 626 2226 Cas.
641 2157 684 2220 ad
694 2157 734 2220 P.
741 2158 789 2257 ¹R.
801 2156 909 2222 Oratio
924 2172 1030 2224 contra
1043 2161 1168 2224 Sullam.

159 2331 345 2418 Clementia,
356 2325 387 2394 ei
399 2330 534 2414 probitas
546 2343 659 2404 vestra,
672 2327 826 2407 Quirites,
838 2329 950 2412 quibus
967 2335 977 2368 ¹
988 2354 1043 2414 per
1054 2345 1176 2396 caeteras
1189 2348 1296 2416 gentas

113 2418 257 2496 maximi,
267 2433 298 2480 et
307 2417 382 2480 clari
394 2417 478 2495 estis,
488 2415 659 2499 plurimum
668 2415 789 2477 timoris
798 2416 875 2478 mihi
886 2415 1002 2482 faciunt
1011 2418 1162 2482 adversus
1175 2417 1296 2502 ¹tyran·

114 2505 225 2568 uidem
240 2502 405 2586 nouus,
428 2521 466 2564 ne
482 2515 536 2566 ant
550 2501 622 2585 ipsi,
636 2499 768 2564 nefanda
784 2521 851 2582 quae
867 2503 1038 2584 aestimatis,
1054 2523 1090 2566 ea
1105 2525 1214 2587 parum
1229 2514 1295 2570 cre'·

483 2661 486 2668 “
558 2665 858 2723 turparet-armo.

329 2785 342 2864 ξ
359 2780 478 2870 Quibus
492 2781 620 2848 maximi
634 2785 709 2847 estis
724 2784 807 2847 inter
820 2793 944 2848 caterae
953 2797 1074 2869 genter.

652 2935 766 2986 Nom

150 3065 168 3098 a
183 3049 216 3096 ln
233 3042 349 3112 giutid]
370 3043 514 3096 Arusianus
535 3043 552 3098 d
573 3045 697 3099 Sallustio
717 3059 776 3096 esse
792 3045 899 3112 quando
915 3061 965 3096 non
981 3046 1298 3114 probaret-Augustinus,

114 3115 221 3176 dictum
239 3121 312 3164 notat
327 3115 456 3164 concedere
471 3116 500 3162 in
512 3117 609 3176 gratid-
644 3116 697 3166 Au·
718 3128 760 3164 res
772 3113 828 3177 ipsa
840 3113 904 3164 satis
915 3113 1070 3164 declararet·
1283 3107 1290 3122 ¹

115 3181 241 3250 gostinus
250 3179 297 3246 qui
304 3178 476 3244 fragmentum
487 3181 535 3230 hoc
543 3189 627 3231 totum
638 3195 697 3231 con·
711 3227 712 3234 ,
750 3177 893 3246 Νίκη]
904 3180 1006 3230 Gellius
1017 3179 1135 3244 Pompeii
1144 3188 1242 3246 metum
1253 3197 1299 3232 ex·

114 3248 240 3302 servavit.
256 3251 284 3298 in
296 3251 409 3310 Furiam
424 3257 600 3308 concesserant,
616 3248 704 3313 scrip·'
718 3246 806 3310 plicat,
815 3261 866 3298 non
877 3244 1007 3313 quddille
1019 3254 1157 3308 metueret,
1166 3251 1215 3300 aed
1227 3247 1301 3313 quir

115 3321 175 3366 ium
189 3313 302 3379 reliquit.
720 3321 890 3365 metueretur.

150 3381 167 3432 b
185 3383 236 3434 &a
252 3379 369 3442 honesta]
392 3381 485 3430 Patres
502 3393 550 3444 pro
567 3379 696 3446 dignitate
751 3377 967 3444 lillieapralem]
987 3379 1056 3430 Huic
1074 3381 1225 3432 Numidiam
1237 3395 1299 3432 cum

115 3445 235 3506 senatus,
242 3446 342 3512 tribuni
352 3460 400 3510 pro
410 3446 534 3497 libertate
544 3443 629 3511 plebis
636 3459 697 3498 cum
719 3445 829 3499 Gaetulis
843 3447 982 3512 Pompeius
994 3446 1115 3506 tradidit,
1125 3447 1201 3514 cujus
1214 3447 1298 3498 lilium

114 3511 277 3568 contendere
289 3511 454 3575 videbantur,
463 3512 577 3580 quisque
586 3527 634 3577 pro
642 3513 698 3580 glo·
718 3510 812 3564 iubam
825 3514 910 3563 Cesar
918 3512 1079 3580 profligavit,

116 3581 159 3632 rid
172 3579 222 3630 sui
234 3580 360 3630 certabat.
752 3579 761 3628 i
774 3579 953 3642 Mithridatis]
974 3585 1031 3630 lies
1041 3577 1094 3628 l'uit
1106 3578 1184 3628 Ponti
1196 3579 1300 3630 Mithri-

150 3663 167 3698 c
185 3649 249 3708 Quia
257 3645 411 3711 presentia]
435 3646 502 3696 ilinc
520 3645 624 3698 discere
640 3656 699 3712 pot·
719 3645 804 3707 dates,
813 3647 987 3698 Romanorum
999 3645 1144 3696 acerrimus
1155 3645 1300 3708 bostis,ua-

116 3721 181 3764 sunt
197 3714 245 3780 qui
264 3710 421 3776 reipublicae¹
431 3711 540 3766 student
558 3712 699 3764 commodi·
719 3728 771 3779 que
783 3709 851 3762 aded
861 3727 958 3764 veneno
969 3719 1100 3771 assuetus,
1111 3716 1143 3762 ut'
1149 3727 1182 3762 eo
1190 3713 1300 3774 tandem

115 3780 229 3840 tatibus,
240 3788 340 3846 quanto
357 3793 417 3839 curn
435 3779 576 3844 molimine,
586 3783 699 3845 quatri·
720 3775 786 3830 mali
804 3785 936 3832 tentatum
953 3780 1088 3845 spiritum,
1105 3776 1173 3830 ferro
1190 3791 1302 3835 coactus

116 3861 170 3914 que
187 3847 339 3912 prudentis,
356 3859 391 3895 ex
409 3846 560 3910 pradonum
577 3845 699 3898 manibus
720 3849 757 3898 sit
768 3847 914 3910 expellere.

117 3927 150 3964 ea
161 3915 199 3964 sit
211 3911 376 3966 retrahenda
555 3972 560 3981 1
590 3947 593 3953 -
753 3912 933 3979 kOomporitii
946 3911 1046 3963 Nonius
1056 3911 1166 3976 exponit
1176 3917 1300 3976 redempti.

151 3979 228 4031 dax
243 3997 292 4044 prro
310 3979 431 4045 tempora]
450 3981 511 4030 litto
527 3995 588 4032 cum
604 3995 699 4046 praece·
753 3980 958 4046 librariorum]
981 3979 1143 4030 Dictaturam
1154 3990 1212 4030 ante
1223 3980 1300 4042 Lepi·

117 4044 240 4100 dentibus
248 4047 430 4097 undserienon
439 4045 698 4112 refertAugustinus.
720 4047 748 4098 di
765 4048 932 4098 consulatum
950 4045 1104 4110 deposuisse
1122 4047 1229 4112 Syllam,
1248 4059 1300 4092 nnn

126 4137 139 4169 κ,
152 4127 167 4162 e
181 4111 357 4179 Praecipitcti.]
370 4115 447 4162 Hunc
457 4112 543 4164 locum
554 4113 699 4182 diligenter
719 4124 761 4166 est
770 4115 893 4166 dubium:
913 4111 1033 4178 adedque
1043 4113 1078 4168 tle
1091 4111 1150 4180 ejus
1162 4111 1302 4162 dominati-

118 4179 256 4230 exousisse
268 4196 316 4232 non
333 4179 468 4246 paenitebit
484 4182 593 4244 eosqui
606 4181 640 4232 sd
652 4183 700 4234 rei·
719 4198 769 4232 one
778 4182 931 4248 hicagitur,
940 4189 1068 4244 qrratenus
1080 4193 1137 4230 eam
1144 4193 1193 4242 per
1202 4176 1301 4228 satelli·

118 4245 232 4312 publicas
246 4247 338 4298 sedent
349 4246 535 4314 gubernacula.
644 4275 646 4280 .
719 4258 769 4314 tea,
776 4249 865 4319 posito
874 4249 979 4302 nomine
992 4245 1105 4307 turtum,
1116 4243 1265 4297 exercebat.

152 4309 284 4380 flgitur]
294 4315 331 4371 lic
344 4314 474 4382 syllanae
483 4315 543 4370 loca
552 4327 698 4391 sermonem
