3036 5056
272 197 287 236 ,Ι

210 281 253 344 42
671 267 922 338 SALLUSTH

209 443 339 513 iusidias
355 443 472 526 eqnsuli
487 455 664 518 maturent;
692 445 820 522 caedem,
841 443 995 532 incendia,
1018 443 1141 529 aliaque
1155 441 1229 508 belli
1244 439 1385 522 facinora

158 533 161 540 '
208 530 338 616 parent:
355 554 422 594 sese
438 529 620 615 propediem
632 549 705 592 cum
720 551 834 614 magno
845 530 985 593 exercitu
996 529 1040 594 ad‘
1050 533 1158 596 urbem
1171 543 1386 598 accessurum*¹

209 619 298 680 Dum
314 619 378 680 haec
393 617 503 678 Romae
518 629 679 700 geruntur,
703 615 741 677 C.
758 615 899 680 Manlius
915 635 956 676 ex
968 638 1027 700 suo
1042 619 1194 680 ²numero
1206 617 1328 700 legatos
1341 615 1384 677 ad

209 703 253 778 Q.
271 703 432 766 Marcium
448 700 569 784 Regem
585 701 693 778 mittit,
708 719 781 764 cum
797 701 953 764 mandatis
968 701 1170 787 hujusmodi:

250 793 272 826 “
285 789 415 865 DEOS,
428 787 633 868 hominesque
644 801 805 863 testamur,
813 787 996 870 imperator,
1006 809 1063 850 nos
1074 809 1160 850 arma
1170 807 1271 871 neque
1279 799 1387 850 contra

205 877 228 912 “
242 875 373 958 patriam
383 873 512 957 cepisse,
520 893 622 955 neque
630 871 717 954 ²*qud
728 872 900 954 periculum
911 871 980 936 aliis
989 871 1178 948 faceremus5
1190 875 1247 936 sed
1259 873 1307 937 uti
1319 893 1388 935 cor-

206 965 228 998 “
244 982 319 1045 pora
333 973 437 1022 nostra
448 960 487 1021 ab
498 955 609 1042 injurii
622 971 689 1022 tuta
702 956 820 1020 forent:
838 958 892 1042 qui
906 959 1025 1036 miseri,
1035 974 1172 1040 egentes,
1182 957 1330 1022 violentib
1340 972 1388 1024 at-

205 1049 227 1084 “
243 1067 304 1129 que
319 1045 502 1108 crudelitate
515 1043 745 1119 feneratorum,
757 1043 897 1128 plerique
911 1044 1020 1127 patrib,
1033 1045 1091 1106 sed
1106 1065 1215 1122 omnes
1232 1044 1328 1122 fami,
1342 1057 1390 1110 ot'·

205 1135 227 1168 “
243 1153 305 1214 quc
318 1131 451 1194 fortunis
466 1143 609 1214 expertes
621 1149 750 1192 sumus:
765 1151 866 1212 neque
880 1131 1027 1210 cuiquam
1037 1133 1180 1192 nostrum
1189 1131 1289 1207 licuit,
1300 1151 1389 1195 more

204 1222 226 1260 “
241 1217 408 1302 majorum,
419 1216 508 1296 ²lege
515 1216 574 1290 uti,
584 1234 624 1275 ne
633 1235 706 1295 que,
715 1217 832 1278 amisso
841 1211 1060 1298 patrimonio,b
1069 1235 1182 1298 corpus
1190 1216 1324 1279 liberum
1334 1219 1389 1283 ha·

203 1304 225 1340 “
241 1304 332 1364 bere:
350 1316 435 1364 tanta
448 1298 566 1362 saevitia
581 1297 812 1376 feneratorum,
828 1317 920 1382 atque
934 1300 1072 1383 praetoris
1089 1299 1160 1364 fuit.
1185 1301 1272 1385 Saepe
1288 1303 1388 1388 majo·

202 1392 290 1449 “res
306 1389 447 1448 vestrum
461 1383 594 1446 miseriti
606 1383 705 1465 plebis
720 1383 869 1448 Romanae
885 1386 1019 1449 decretis
1035 1384 1102 1448 suis
1119 1387 1229 1470 inopiae
1245 1388 1314 1472 ejus
1330 1399 1388 1450 οο·

203 1476 225 1509 “
241 1472 365 1554 pitulati
376 1485 466 1534 sunt:
480 1491 516 1532 ae
524 1465 708 1544 novissime,
720 1471 870 1532 memorii
879 1471 992 1546 vestri,
1001 1488 1128 1556 propter
1139 1473 1388 1556 magnitudinem

202 1560 226 1640 ξι
237 1558 307 1622 seris
322 1557 426 1638 alieni,
441 1553 616 1620 volentibus
630 1555 776 1618 omuibus
790 1554 891 1634 bonis,
906 1573 1071 1642 argentum
1082 1555 1097 1638 ‘l
1108 1579 1169 1622 aere
1182 1559 1319 1632 solutum
1325 1575 1387 1626 est.

648 1813 945 1864 ruranrnnrarro.
998 1799 1000 1806 ’

208 2025 210 2030 -
244 1981 782 2065 ¹Maulz'usmittitquosdomexsm's
848 1983 981 2070 ΒΝεφιε
1002 1994 1038 2046 ut
1062 1983 1140 2051 alios
1164 1985 1198 2048 in
1222 1986 1389 2056 discrimen

201 2073 349 2135 militibus
371 2074 488 2157 legatos
504 2069 547 2130 od
566 2065 609 2152 Q
625 2063 781 2130 Marcium
804 2069 1030 2138 adduceremus.
1370 2067 1393 2084 “”

201 2159 329 2243 Regno.

736 2325 851 2377 NOTAE.

233 2499 250 2534 o
261 2480 356 2550 Lege]
391 2480 506 2552 vPapirio,
522 2483 569 2530 aut
581 2476 702 2546 quamvis
720 2476 782 2538 alit,
806 2475 874 2530 oded
886 2486 918 2551 ut
934 2495 985 2534 non
1002 2479 1106 2532 tantum
1124 2495 1158 2533 ex
1170 2481 1296 2546 unciario,
1312 2486 1387 2552 quod

199 2551 367 2616 quaecivrbus
376 2547 502 2600 adversus
513 2545 679 2596 foerrerrtores
690 2559 782 2596 consu·
806 2554 913 2596 cautum
923 2545 1009 2598 fuerat
1017 2547 1158 2598 duodecim
1166 2549 1271 2610 tabulis,
1283 2559 1387 2604 semun·

198 2617 283 2674 leret;
301 2632 334 2666 ne
347 2615 387 2666 illi
404 2615 430 2664 iu
442 2615 576 2666 debitores
588 2610 716 2671 saevirent,
734 2627 780 2661 eos
805 2613 925 2674 cirrium,
939 2615 965 2662 in
976 2615 1096 2680 singulos
1109 2629 1220 2677 menses,
1229 2615 1329 2670 factum
1340 2621 1387 2678 sit,

198 2683 323 2750 ligarent,
335 2689 382 2733 aut
390 2681 441 2730 atio
452 2679 530 2731 modo
543 2687 676 2728 renerent.
805 2679 852 2728 sed
865 2681 971 2730 omnino
983 2681 1043 2748 lege
1055 2685 1086 2732 L.
1098 2682 1206 2732 Genutii
1218 2683 1319 2736 tribuni
1330 2687 1387 2752 ple.

235 2754 251 2800 b
272 2751 364 2814 Corpus
379 2745 504 2810 liberunt]
538 2749 594 2796 Lex
610 2742 660 2794 fnit
682 2741 780 2794 duode·
805 2745 843 2796 bis
856 2747 998 2798 sublatum.
1229 2751 1231 2758 '

199 2816 253 2868 cim
266 2817 412 2868 tabularum
426 2812 590 2865 atrocissima
602 2817 694 2862 contre
705 2810 780 2876 perii·
836 2812 955 2878 dedite]
973 2815 1025 2864 itte
1036 2829 1085 2878 per
1097 2827 1130 2866 aes
1140 2815 1257 2867 nonnulli
1270 2833 1303 2868 κε
1314 2834 1387 2870 com.

199 2883 271 2934 diam
290 2882 449 2946 debitorum,
465 2877 528 2946 qud,
547 2893 598 2928 non
616 2875 719 2928 tantdm
738 2878 778 2928 illi
803 2894 891 2940 mune,
909 2895 956 2931 seu
974 2883 1104 2950 aerarium,
1122 2883 1285 2952 intelligunt;
1303 2897 1385 2952 atque

197 2949 300 3010 vinciri,
313 2948 448 3000 sedetiam
460 2949 487 2997 in
498 2954 586 3013 partes
599 2947 694 3008 secari,
703 2942 735 2993 ab
746 2946 778 2995 iis
802 2945 965 2998 arbitrentur
975 2963 1011 2998 ex
1021 2949 1136 3014 publicis
1147 2950 1265 3015 pecuniis
1277 2953 1385 3016 expedi.

197 3017 295 3083 quibus
305 3013 449 3082 adjudicati
457 3022 557 3074 essent,
566 3013 736 3064 licitumerst.
746 3011 778 3060 11-
802 3023 829 3064 ta
840 3011 921 3065 fuisse
933 3017 1039 3066 nomina
1055 3015 1188 3066 bominum
1207 3016 1384 3080 privatorum

196 3085 295 3136 lamec
312 3082 363 3133 line
382 3089 547 3147 paraverant,
564 3087 594 3128 ut
604 3093 647 3137 ne,
665 3075 778 3142 perfidio
802 3081 876 3146 quod
885 3091 913 3130 ut
924 3081 1039 3136 firment,
1050 3081 1154 3146 aliquid
1162 3079 1248 3133 simile
1258 3099 1291 3134 ex
1300 3086 1384 3148 Livio,

197 3149 358 3210 debitorum,
370 3148 516 3199 subsidium
526 3145 644 3211 pecuniae
655 3145 779 3194 mutuati·
802 3147 885 3196 multo
897 3143 957 3198 ente
971 3159 1056 3198 temen
1067 3154 1165 3207 notum,
1175 3147 1319 3212 proferunt.
1346 3155 1383 3204 At

197 3211 664 3294 tiaerquocommun'tshominumvita
673 3209 777 3275 indiget
802 3211 957 3274 cer-td,ctlm
971 3214 1004 3263 de
1017 3213 1068 3264 iste
1081 3219 1167 3262 nostri
1181 3215 1311 3268 solutione
1323 3219 1381 3268 nul-

196 3285 289 3348 inoprae
298 3282 460 3347 temporetis
468 3281 637 3330 adimeretur.
650 3280 776 3333 Quoniam
801 3279 856 3330 lutn
869 3279 1102 3346 r·estigiurn,quod
1112 3279 1220 3344 quidem
1232 3281 1322 3343 sciam,
1334 3293 1382 3334 aut

196 3349 259 3402 rero
270 3351 370 3401 sevitia
381 3350 433 3400 ista
442 3363 520 3414 poenae
528 3363 577 3396 non
587 3345 708 3407 quitaest
717 3357 778 3393 con·
801 3347 833 3396 ab
846 3346 900 3398 iliis
913 3349 1054 3407 indicetur,
1065 3348 1166 3409 uspiam
1179 3359 1318 3412 apparent3
1331 3360 1383 3412 ¹¹02}

196 3417 287 3478 temni,
305 3431 454 3482 quenquam
475 3414 623 3464 dissectum
635 3425 695 3461 esse
712 3411 778 3460 anti·
803 3411 882 3464 morib
895 3413 930 3464 de
943 3429 970 3464 re
991 3413 1051 3479 ipsb
1064 3413 1163 3462 cluibus
1180 3413 1276 3475 haereo,
1294 3417 1383 3470 redut

195 3481 298 3552 quittls,
309 3487 410 3536 Gellius
423 3489 549 3541 testatur,
567 3495 595 3530 se
607 3495 656 3529 nec
668 3474 778 3544 legisse,
803 3477 917 3530 maxime
935 3495 1000 3530 vero
1018 3491 1099 3540 esset,
1117 3495 1176 3530 eam
1190 3481 1283 3532 Manlii
1295 3483 1383 3536 verbis

106 3607 109 3612 ,
196 3565 245 3600 nec
257 3551 387 3601 audivisse
398 3565 403 3593 τ
416 3550 479 3600 binc
490 3548 588 3598 factum
598 3555 626 3595 ut
637 3547 692 3596 situ
705 3555 732 3594 et
740 3556 779 3594 se·
802 3547 947 3613 significari
955 3563 1005 3598 non
1014 3545 1139 3612 equidem
1147 3548 1290 3599 arbitratus
1301 3549 1383 3601 suero.

195 3617 248 3675 nio,
266 3622 412 3668 rumesiam
425 3616 528 3682 legibus
546 3614 624 3664 subse
647 3611 779 3671 uentibus,
804 3611 943 3666 Potidsest
953 3613 1167 3672 utcredam‚'hoc
1178 3615 1205 3663 in
1213 3615 1284 3675 loco,
1294 3631 1382 3684 quarn-

194 3683 230 3732 de
243 3683 296 3732 istd
308 3685 451 3736 acerbitate
463 3683 612 3733 detractum
624 3629 714 3728 licerit.
738 3679 779 3728 Li·
804 3681 843 3728 vis
861 3679 984 3742 obscure,
1004 3679 1070 3731 illud
1082 3677 1194 3731 indicari
1207 3689 1294 3733 tamen
1310 3685 1382 3750 quod

195 3749 254 3816 gari
263 3763 359 3812 corpus
370 3749 519 3800 debitorum
531 3764 581 3797 non
591 3746 690 3810 pariter·
699 3745 725 3793 in
736 3747 780 3796 de·
803 3749 926 3812 praestitit
937 3749 1060 3798 valerius
1077 3747 1190 3799 Flaccus
1209 3750 1234 3798 in
1254 3749 1333 3798 Marii
1346 3749 1383 3800 lo-

194 3815 363 3870 suetudinem
378 3817 460 3873 abiit3
479 3831 539 3864 narn
551 3829 600 3880 pro
618 3811 733 3862 moribus
751 3824 778 3862 et
802 3829 861 3862 cum
876 3812 1014 3872 suffectus,
1027 3814 1083 3880 qui,
1094 3821 1124 3864 ut
1135 3815 1218 3865 refert
1229 3815 1381 3868 Paterculus

194 3881 358 3946 temporibus
376 3882 535 3946 reipublice,
555 3880 659 3946 plebem
673 3879 723 3926 lritc
743 3879 776 3928 de
802 3878 847 3928 lib.
860 3883 884 3931 2.
896 3881 1053 3946 turpissimae
1071 3883 1138 3950 legis
1155 3891 1231 3932 autor
1247 3877 1307 3934 fuit,
1328 3885 1382 3948 qud

191 3964 225 4000 re
237 3955 408 4014 conquestum
420 3962 488 4008 esse,
508 3963 568 3998 cum
581 3961 615 3996 ex
628 3945 687 3993 aliis
702 3945 777 4007 locis,
801 3939 979 3998 creditoribus
993 3948 1245 4014 quadrantemsolvi
1252 3956 1341 4015 Jussrt.
1354 3951 1381 4000 Si

192 4013 250 4068 istm
263 4031 297 4066 ex
309 4015 360 4066 haic
373 4015 467 4066 Manlii
479 4015 592 4080 epistole
604 4025 707 4062 omnmo
719 4027 779 4062 con·
802 4015 870 4064 enirn
878 4029 971 4065 verum
979 4023 1032 4076 est,
1045 4017 1198 4081 utiquidem
1206 4013 1381 4066 libentissime

193 4084 330 4150 spicimus.
362 4095 366 4102 ’
564 4105 583 4138 φ
801 4077 892 4142 credo,
910 4081 982 4146 quod
1001 4082 1224 4132 alicubitestatur
1242 4081 1382 4133 Lambinus

227 4165 243 4198 c
257 4149 378 4214 opitulari
388 4146 463 4210 eum]
472 4147 565 4198 Fenus
574 4142 634 4194 edm
643 4157 690 4208 pro
698 4143 776 4196 libitu
802 4147 829 4196 in
846 4149 1044 4201 commentariis
1063 4149 1096 4198 sd
1115 4150 1262 4208 Horatium,
1285 4165 1313 4198 se
1331 4163 1383 4200 ses·

194 4229 245 4264 non
270 4216 352 4266 semel
376 4225 482 4265 auctum
505 4213 610 4272 fuisset,
637 4210 776 4273 eliquanto
801 4214 912 4264 tertium
931 4213 1031 4266 vidisse
1056 4223 1210 4282 argenteum
1239 4217 1274 4266 V.
1299 4217 1397 4282 signs-¹

193 4277 777 4349 sumntumtubrogationedtnnutunest
802 4289 869 4344 tum,
895 4281 924 4335 id
949 4289 1003 4344 est,
1028 4291 1058 4335 ut
1081 4283 1381 4350 doemoniorum
