<?xml version="1.0" encoding="UTF-8"?>
<!DOCTYPE html PUBLIC "-//W3C//DTD XHTML 1.0 Transitional//EN"
    "http://www.w3.org/TR/xhtml1/DTD/xhtml1-transitional.dtd">
<html xmlns="http://www.w3.org/1999/xhtml" xml:lang="en" lang="en">
 <head>
  <title>
</title>
<meta http-equiv="Content-Type" content="text/html;charset=utf-8" />
  <meta name='ocr-system' content='tesseract 3.04.00' />
  <meta name='ocr-capabilities' content='ocr_page ocr_carea ocr_par ocr_line ocrx_word'/>
</head>
<body>
  <div class='ocr_page' id='page_1' title='image "./operaomniaquaee00crisgoog_0204.png"; bbox 0 0 3034 5054; ppageno 0'>
   <div class='ocr_carea' id='block_1_1' title="bbox 510 349 1266 426">
    <p class='ocr_par' dir='ltr' id='par_1_1' title="bbox 510 349 1266 426">
     <span class='ocr_line' id='line_1_1' title="bbox 510 349 1266 426; baseline 0.011 -8"><span class='ocrx_word' id='word_1_1' title='bbox 510 349 832 422; x_wconf 78' lang='lat' dir='ltr'><strong>FRAGMENTA·</strong></span> <span class='ocrx_word' id='word_1_2' title='bbox 1206 359 1266 426; x_wconf 72' lang='lat'>191</span> 
     </span>
    </p>
   </div>
   <div class='ocr_carea' id='block_1_2' title="bbox 81 513 1269 700">
    <p class='ocr_par' dir='ltr' id='par_1_2' title="bbox 81 513 1269 700">
     <span class='ocr_line' id='line_1_2' title="bbox 81 513 1267 616; baseline 0.002 -22"><span class='ocrx_word' id='word_1_3' title='bbox 81 528 181 616; x_wconf 69' lang='lat' dir='ltr'>glorii</span> <span class='ocrx_word' id='word_1_4' title='bbox 196 524 443 594; x_wconf 84' lang='lat' dir='ltr'>concurrentium</span> <span class='ocrx_word' id='word_1_5' title='bbox 459 526 600 608; x_wconf 88' lang='lat' dir='ltr'>undique</span> <span class='ocrx_word' id='word_1_6' title='bbox 615 525 705 590; x_wconf 85' lang='lat' dir='ltr'>virile</span> <span class='ocrx_word' id='word_1_7' title='bbox 721 541 754 589; x_wconf 85' lang='lat' dir='ltr'>et</span> <span class='ocrx_word' id='word_1_8' title='bbox 768 513 920 590; x_wconf 77' lang='lat' dir='ltr'>midiebre</span> <span class='ocrx_word' id='word_1_9' title='bbox 940 535 1067 608; x_wconf 64' lang='lat' dir='ltr'>‘secum</span> <span class='ocrx_word' id='word_1_10' title='bbox 1080 547 1136 612; x_wconf 86' lang='lat' dir='ltr'>pet·</span> <span class='ocrx_word' id='word_1_11' title='bbox 1148 529 1218 596; x_wconf 82' lang='lat' dir='ltr'>viss</span> <span class='ocrx_word' id='word_1_12' title='bbox 1230 551 1267 596; x_wconf 82' lang='lat' dir='ltr'>ac</span> 
     </span>
     <span class='ocr_line' id='line_1_3' title="bbox 81 611 1269 700; baseline -0.002 -16"><span class='ocrx_word' id='word_1_13' title='bbox 81 633 166 684; x_wconf 76' lang='lat' dir='ltr'>tecta</span> <span class='ocrx_word' id='word_1_14' title='bbox 184 616 323 682; x_wconf 85' lang='lat' dir='ltr'>omniunt</span> <span class='ocrx_word' id='word_1_15' title='bbox 339 614 516 679; x_wconf 78' lang='lat' dir='ltr'>visebatur:</span> <span class='ocrx_word' id='word_1_16' title='bbox 539 611 614 678; x_wconf 80' lang='lat' dir='ltr'>clun</span> <span class='ocrx_word' id='word_1_17' title='bbox 631 627 765 695; x_wconf 85' lang='lat' dir='ltr'>quaestor</span> <span class='ocrx_word' id='word_1_18' title='bbox 780 611 817 676; x_wconf 92' lang='lat' dir='ltr'>C.</span> <span class='ocrx_word' id='word_1_19' title='bbox 837 611 992 692; x_wconf 86' lang='lat' dir='ltr'>Urbinus,</span> <span class='ocrx_word' id='word_1_20' title='bbox 1007 614 1122 697; x_wconf 86' lang='lat' dir='ltr'>aliique</span> <span class='ocrx_word' id='word_1_21' title='bbox 1145 621 1269 700; x_wconf 65' lang='lat' dir='ltr'>cogniti</span> 
     </span>
    </p>
   </div>
   <div class='ocr_carea' id='block_1_3' title="bbox 15 693 1269 778">
    <p class='ocr_par' dir='ltr' id='par_1_3' title="bbox 15 693 1269 778">
     <span class='ocr_line' id='line_1_4' title="bbox 15 693 1269 778; baseline 0 -11"><span class='ocrx_word' id='word_1_22' title='bbox 15 709 21 716; x_wconf 86' lang='lat'>&#39;</span> <span class='ocrx_word' id='word_1_23' title='bbox 79 704 252 778; x_wconf 86' lang='lat' dir='ltr'>voluntate,</span> <span class='ocrx_word' id='word_1_24' title='bbox 266 721 338 764; x_wconf 88' lang='lat' dir='ltr'>eum</span> <span class='ocrx_word' id='word_1_25' title='bbox 355 699 395 761; x_wconf 86' lang='lat' dir='ltr'>ad</span> <span class='ocrx_word' id='word_1_26' title='bbox 411 719 527 760; x_wconf 85' lang='lat' dir='ltr'>coenam</span> <span class='ocrx_word' id='word_1_27' title='bbox 550 698 781 772; x_wconf 55' lang='lat' dir='ltr'>invitaverant?</span> <span class='ocrx_word' id='word_1_28' title='bbox 798 693 879 762; x_wconf 72' lang='lat' dir='ltr'>uitri</span> <span class='ocrx_word' id='word_1_29' title='bbox 896 697 1124 778; x_wconf 86' lang='lat' dir='ltr'>Romanorum,</span> <span class='ocrx_word' id='word_1_30' title='bbox 1138 718 1170 767; x_wconf 86' lang='lat' dir='ltr'>et</span> <span class='ocrx_word' id='word_1_31' title='bbox 1185 725 1269 768; x_wconf 86' lang='lat' dir='ltr'>mor·</span> 
     </span>
    </p>
   </div>
   <div class='ocr_carea' id='block_1_4' title="bbox 76 783 1275 2496">
    <p class='ocr_par' dir='ltr' id='par_1_4' title="bbox 76 783 1275 1812">
     <span class='ocr_line' id='line_1_5' title="bbox 80 783 1270 872; baseline -0.001 -18"><span class='ocrx_word' id='word_1_32' title='bbox 80 789 193 856; x_wconf 85' lang='lat' dir='ltr'>talium</span> <span class='ocrx_word' id='word_1_33' title='bbox 209 787 302 872; x_wconf 80' lang='lat' dir='ltr'>etism</span> <span class='ocrx_word' id='word_1_34' title='bbox 325 805 448 850; x_wconf 78' lang='lat' dir='ltr'>morem</span> <span class='ocrx_word' id='word_1_35' title='bbox 462 784 609 850; x_wconf 86' lang='lat' dir='ltr'>curabant</span> <span class='ocrx_word' id='word_1_36' title='bbox 619 810 629 859; x_wconf 66' lang='grc' dir='ltr'><strong>ς</strong></span> <span class='ocrx_word' id='word_1_37' title='bbox 652 783 810 849; x_wconf 74' lang='lat' dir='ltr'>exornatis</span> <span class='ocrx_word' id='word_1_38' title='bbox 823 785 943 852; x_wconf 82' lang='lat' dir='ltr'>aedibus</span> <span class='ocrx_word' id='word_1_39' title='bbox 961 795 1017 868; x_wconf 82' lang='lat' dir='ltr'>per</span> <span class='ocrx_word' id='word_1_40' title='bbox 1037 783 1157 850; x_wconf 74' lang='lat' dir='ltr'>b:serires</span> <span class='ocrx_word' id='word_1_41' title='bbox 1176 804 1209 852; x_wconf 89' lang='lat' dir='ltr'>et</span> <span class='ocrx_word' id='word_1_42' title='bbox 1222 789 1270 854; x_wconf 92' lang='lat' dir='ltr'>in-</span> 
     </span>
     <span class='ocr_line' id='line_1_6' title="bbox 80 869 1270 956; baseline 0.003 -20"><span class='ocrx_word' id='word_1_43' title='bbox 80 873 195 956; x_wconf 85' lang='lat' dir='ltr'>signis,</span> <span class='ocrx_word' id='word_1_44' title='bbox 204 874 366 955; x_wconf 85' lang='lat' dir='ltr'>scenisque</span> <span class='ocrx_word' id='word_1_45' title='bbox 378 871 417 932; x_wconf 89' lang='lat' dir='ltr'>ad</span> <span class='ocrx_word' id='word_1_46' title='bbox 430 871 668 932; x_wconf 82' lang='lat' dir='ltr'>ostentationem</span> <span class='ocrx_word' id='word_1_47' title='bbox 680 869 864 933; x_wconf 86' lang='lat' dir='ltr'>histrionem</span> <span class='ocrx_word' id='word_1_48' title='bbox 876 870 1053 936; x_wconf 85' lang='lat' dir='ltr'>fabricatis:</span> <span class='ocrx_word' id='word_1_49' title='bbox 1067 873 1163 938; x_wconf 76' lang='lat' dir='ltr'>simul</span> <span class='ocrx_word' id='word_1_50' title='bbox 1178 884 1270 939; x_wconf 70' lang='lat' dir='ltr'>‘cm-</span> 
     </span>
     <span class='ocr_line' id='line_1_7' title="bbox 80 955 1272 1042; baseline 0.003 -20"><span class='ocrx_word' id='word_1_51' title='bbox 80 981 120 1022; x_wconf 89' lang='lat' dir='ltr'>co</span> <span class='ocrx_word' id='word_1_52' title='bbox 135 980 242 1042; x_wconf 83' lang='lat' dir='ltr'>sparsa</span> <span class='ocrx_word' id='word_1_53' title='bbox 259 957 386 1031; x_wconf 83' lang='lat' dir='ltr'>humus,</span> <span class='ocrx_word' id='word_1_54' title='bbox 400 971 432 1020; x_wconf 87' lang='lat' dir='ltr'>et</span> <span class='ocrx_word' id='word_1_55' title='bbox 447 955 518 1034; x_wconf 80' lang='lat' dir='ltr'>alie,</span> <span class='ocrx_word' id='word_1_56' title='bbox 534 957 570 1016; x_wconf 89' lang='lat' dir='ltr'>in·</span> <span class='ocrx_word' id='word_1_57' title='bbox 587 957 721 1020; x_wconf 86' lang='lat' dir='ltr'>modum</span> <span class='ocrx_word' id='word_1_58' title='bbox 736 955 846 1040; x_wconf 87' lang='lat' dir='ltr'>templi</span> <span class='ocrx_word' id='word_1_59' title='bbox 865 957 1073 1022; x_wconf 63' lang='lat' dir='ltr'>celeberrimi.</span> <span class='ocrx_word' id='word_1_60' title='bbox 1116 959 1272 1024; x_wconf 72' lang='lat' dir='ltr'>Praetered</span> 
     </span>
     <span class='ocr_line' id='line_1_8' title="bbox 79 1039 1271 1118; baseline 0.005 -12"><span class='ocrx_word' id='word_1_61' title='bbox 79 1043 157 1113; x_wconf 76' lang='lat' dir='ltr'>edm</span> <span class='ocrx_word' id='word_1_62' title='bbox 173 1044 296 1112; x_wconf 78' lang='lat' dir='ltr'>sedenti</span> <span class='ocrx_word' id='word_1_63' title='bbox 316 1039 503 1110; x_wconf 66' lang='lat' dir='ltr'>duansenna</span> <span class='ocrx_word' id='word_1_64' title='bbox 526 1041 701 1108; x_wconf 85' lang='lat' dir='ltr'>demissum</span> <span class='ocrx_word' id='word_1_65' title='bbox 716 1041 868 1107; x_wconf 73' lang='lat' dir='ltr'>Victoria</span> <span class='ocrx_word' id='word_1_66' title='bbox 889 1043 1092 1118; x_wconf 75' lang='lat' dir='ltr'>simulacrum</span> <span class='ocrx_word' id='word_1_67' title='bbox 1110 1067 1183 1112; x_wconf 87' lang='lat' dir='ltr'>cum</span> <span class='ocrx_word' id='word_1_68' title='bbox 1202 1069 1271 1112; x_wconf 54' lang='lat' dir='ltr'>mas</span> 
     </span>
     <span class='ocr_line' id='line_1_9' title="bbox 79 1127 1272 1213; baseline 0.004 -22"><span class='ocrx_word' id='word_1_69' title='bbox 79 1129 204 1193; x_wconf 87' lang='lat' dir='ltr'>chinsto</span> <span class='ocrx_word' id='word_1_70' title='bbox 220 1131 352 1212; x_wconf 87' lang='lat' dir='ltr'>strepitu</span> <span class='ocrx_word' id='word_1_71' title='bbox 367 1130 539 1192; x_wconf 87' lang='lat' dir='ltr'>tonitruum</span> <span class='ocrx_word' id='word_1_72' title='bbox 550 1149 697 1192; x_wconf 84' lang='lat' dir='ltr'>coronam</span> <span class='ocrx_word' id='word_1_73' title='bbox 713 1127 808 1212; x_wconf 87' lang='lat' dir='ltr'>capiti</span> <span class='ocrx_word' id='word_1_74' title='bbox 823 1128 1020 1212; x_wconf 82' lang='lat' dir='ltr'>imponebat:</span> <span class='ocrx_word' id='word_1_75' title='bbox 1037 1146 1104 1194; x_wconf 88' lang='lat' dir='ltr'>tum</span> <span class='ocrx_word' id='word_1_76' title='bbox 1122 1133 1272 1213; x_wconf 65' lang='lat' dir='ltr'>venmnti,</span> 
     </span>
     <span class='ocr_line' id='line_1_10' title="bbox 78 1213 1271 1299; baseline -0.002 -15"><span class='ocrx_word' id='word_1_77' title='bbox 78 1216 171 1284; x_wconf 82' lang='lat' dir='ltr'>tbtue</span> <span class='ocrx_word' id='word_1_78' title='bbox 187 1215 282 1299; x_wconf 79' lang='lat' dir='ltr'>quasi</span> <span class='ocrx_word' id='word_1_79' title='bbox 303 1213 375 1278; x_wconf 78' lang='lat' dir='ltr'>Deo</span> <span class='ocrx_word' id='word_1_80' title='bbox 394 1215 634 1298; x_wconf 78' lang='lat' dir='ltr'>supplicabatur.</span> <span class='ocrx_word' id='word_1_81' title='bbox 678 1213 772 1296; x_wconf 79' lang='lat' dir='ltr'>Toga</span> <span class='ocrx_word' id='word_1_82' title='bbox 791 1213 894 1297; x_wconf 76' lang='lat' dir='ltr'>‘picta</span> <span class='ocrx_word' id='word_1_83' title='bbox 909 1215 1094 1298; x_wconf 76' lang='lat' dir='ltr'>plenamque</span> <span class='ocrx_word' id='word_1_84' title='bbox 1115 1215 1271 1283; x_wconf 59' lang='lat' dir='ltr'>‘annulo</span> 
     </span>
     <span class='ocr_line' id='line_1_11' title="bbox 78 1300 1271 1384; baseline 0.004 -20"><span class='ocrx_word' id='word_1_85' title='bbox 78 1304 194 1366; x_wconf 37' lang='lat' dir='ltr'>erataei</span> <span class='ocrx_word' id='word_1_86' title='bbox 215 1301 428 1364; x_wconf 85' lang='lat' dir='ltr'>accumbenti:</span> <span class='ocrx_word' id='word_1_87' title='bbox 451 1300 548 1382; x_wconf 83' lang='lat' dir='ltr'>epulae</span> <span class='ocrx_word' id='word_1_88' title='bbox 564 1300 812 1383; x_wconf 82' lang='lat' dir='ltr'>quaesitiseimae;</span> <span class='ocrx_word' id='word_1_89' title='bbox 834 1321 935 1382; x_wconf 85' lang='lat' dir='ltr'>neque</span> <span class='ocrx_word' id='word_1_90' title='bbox 958 1321 1156 1384; x_wconf 81' lang='lat' dir='ltr'>peromnem</span> <span class='ocrx_word' id='word_1_91' title='bbox 1172 1305 1271 1370; x_wconf 75' lang='lat' dir='ltr'>modb</span> 
     </span>
     <span class='ocr_line' id='line_1_12' title="bbox 76 1384 1273 1470; baseline 0.005 -20"><span class='ocrx_word' id='word_1_92' title='bbox 76 1387 287 1470; x_wconf 78' lang='lat' dir='ltr'>prouinciam,</span> <span class='ocrx_word' id='word_1_93' title='bbox 303 1387 361 1452; x_wconf 84' lang='lat' dir='ltr'>sed</span> <span class='ocrx_word' id='word_1_94' title='bbox 375 1401 466 1451; x_wconf 60' lang='lat' dir='ltr'>&#39;trans</span> <span class='ocrx_word' id='word_1_95' title='bbox 487 1387 600 1464; x_wconf 83' lang='lat' dir='ltr'>maria,</span> <span class='ocrx_word' id='word_1_96' title='bbox 612 1405 653 1450; x_wconf 83' lang='lat' dir='ltr'>ex</span> <span class='ocrx_word' id='word_1_97' title='bbox 675 1385 872 1450; x_wconf 82' lang='lat' dir='ltr'>Mauritania</span> <span class='ocrx_word' id='word_1_98' title='bbox 889 1384 1064 1466; x_wconf 88' lang='lat' dir='ltr'>volucrum,</span> <span class='ocrx_word' id='word_1_99' title='bbox 1079 1403 1111 1453; x_wconf 84' lang='lat' dir='ltr'>et</span> <span class='ocrx_word' id='word_1_100' title='bbox 1132 1389 1273 1456; x_wconf 83' lang='lat' dir='ltr'>ferarum</span> 
     </span>
     <span class='ocr_line' id='line_1_13' title="bbox 76 1469 1275 1558; baseline 0.005 -24"><span class='ocrx_word' id='word_1_101' title='bbox 76 1473 241 1555; x_wconf 84' lang='lat' dir='ltr'>incognita</span> <span class='ocrx_word' id='word_1_102' title='bbox 263 1469 353 1535; x_wconf 70' lang='lat' dir='ltr'>autel</span> <span class='ocrx_word' id='word_1_103' title='bbox 378 1473 467 1555; x_wconf 85' lang='lat' dir='ltr'>plura</span> <span class='ocrx_word' id='word_1_104' title='bbox 490 1493 616 1556; x_wconf 85' lang='lat' dir='ltr'>genera.</span> <span class='ocrx_word' id='word_1_105' title='bbox 661 1470 788 1546; x_wconf 79' lang='lat' dir='ltr'>Quibus</span> <span class='ocrx_word' id='word_1_106' title='bbox 809 1472 914 1549; x_wconf 83' lang='lat' dir='ltr'>rebus,</span> <span class='ocrx_word' id='word_1_107' title='bbox 935 1473 1127 1555; x_wconf 74' lang='lat' dir='ltr'>aliquantam</span> <span class='ocrx_word' id='word_1_108' title='bbox 1151 1489 1275 1558; x_wconf 81' lang='lat' dir='ltr'>partem</span> 
     </span>
     <span class='ocr_line' id='line_1_14' title="bbox 77 1554 1273 1646; baseline 0.005 -26"><span class='ocrx_word' id='word_1_109' title='bbox 77 1557 189 1640; x_wconf 78' lang='lat' dir='ltr'>gloriae</span> <span class='ocrx_word' id='word_1_110' title='bbox 209 1559 397 1642; x_wconf 84' lang='lat' dir='ltr'>dempserat,</span> <span class='ocrx_word' id='word_1_111' title='bbox 420 1554 558 1620; x_wconf 59' lang='lat' dir='ltr'>maxim&amp;</span> <span class='ocrx_word' id='word_1_112' title='bbox 582 1557 666 1642; x_wconf 87' lang='lat' dir='ltr'>apud</span> <span class='ocrx_word' id='word_1_113' title='bbox 681 1572 802 1620; x_wconf 86' lang='lat' dir='ltr'>veteres</span> <span class='ocrx_word' id='word_1_114' title='bbox 825 1572 857 1620; x_wconf 89' lang='lat' dir='ltr'>et</span> <span class='ocrx_word' id='word_1_115' title='bbox 878 1575 1000 1624; x_wconf 82' lang='lat' dir='ltr'>sanctos</span> <span class='ocrx_word' id='word_1_116' title='bbox 1023 1560 1118 1638; x_wconf 87' lang='lat' dir='ltr'>viros,</span> <span class='ocrx_word' id='word_1_117' title='bbox 1137 1563 1273 1646; x_wconf 84' lang='lat' dir='ltr'>superba</span> 
     </span>
     <span class='ocr_line' id='line_1_15' title="bbox 76 1641 1271 1742; baseline 0.005 -37"><span class='ocrx_word' id='word_1_118' title='bbox 76 1643 145 1722; x_wconf 88' lang='lat' dir='ltr'>illa,</span> <span class='ocrx_word' id='word_1_119' title='bbox 160 1644 279 1726; x_wconf 84' lang='lat' dir='ltr'>gravia,</span> <span class='ocrx_word' id='word_1_120' title='bbox 294 1643 421 1726; x_wconf 77' lang='lat' dir='ltr'>indigna</span> <span class='ocrx_word' id='word_1_121' title='bbox 437 1641 478 1704; x_wconf 86' lang='lat' dir='ltr'>R.</span> <span class='ocrx_word' id='word_1_122' title='bbox 495 1642 629 1727; x_wconf 88' lang='lat' dir='ltr'>imperio</span> <span class='ocrx_word' id='word_1_123' title='bbox 644 1643 890 1742; x_wconf 46' lang='lat' dir='ltr'>existimantes,</span> <span class='ocrx_word' id='word_1_124' title='bbox 908 1642 1049 1710; x_wconf 82' lang='lat' dir='ltr'>Mucrnb.</span> <span class='ocrx_word' id='word_1_125' title='bbox 1064 1649 1131 1710; x_wconf 84' lang='lat' dir='ltr'>Sat.</span> <span class='ocrx_word' id='word_1_126' title='bbox 1147 1651 1168 1710; x_wconf 72' lang='lat' dir='ltr'>la</span> <span class='ocrx_word' id='word_1_127' title='bbox 1183 1654 1227 1714; x_wconf 83' lang='lat' dir='ltr'>iii·</span> <span class='ocrx_word' id='word_1_128' title='bbox 1243 1669 1271 1712; x_wconf 88' lang='lat' dir='ltr'>c.</span> 
     </span>
     <span class='ocr_line' id='line_1_16' title="bbox 80 1729 565 1812; baseline 0 -22"><span class='ocrx_word' id='word_1_129' title='bbox 80 1736 135 1807; x_wconf 77' lang='lat'>13,</span> <span class='ocrx_word' id='word_1_130' title='bbox 147 1729 269 1792; x_wconf 85' lang='lat' dir='ltr'>Nonius</span> <span class='ocrx_word' id='word_1_131' title='bbox 285 1741 314 1792; x_wconf 86' lang='lat' dir='ltr'>et</span> <span class='ocrx_word' id='word_1_132' title='bbox 327 1731 496 1812; x_wconf 82' lang='lat' dir='ltr'>Socipnter,</span> <span class='ocrx_word' id='word_1_133' title='bbox 507 1730 527 1790; x_wconf 84' lang='lat'>1.</span> <span class='ocrx_word' id='word_1_134' title='bbox 542 1733 565 1791; x_wconf 87' lang='lat' dir='ltr'>i.</span> 
     </span>
    </p>

    <p class='ocr_par' dir='ltr' id='par_1_5' title="bbox 77 1813 1272 1985">
     <span class='ocr_line' id='line_1_17' title="bbox 124 1813 1272 1896; baseline 0.008 -21"><span class='ocrx_word' id='word_1_135' title='bbox 124 1813 296 1896; x_wconf 84' lang='lat' dir='ltr'>Ruuntque</span> <span class='ocrx_word' id='word_1_136' title='bbox 312 1836 383 1896; x_wconf 86' lang='lat' dir='ltr'>pars</span> <span class='ocrx_word' id='word_1_137' title='bbox 399 1834 512 1896; x_wconf 80' lang='lat' dir='ltr'>magna</span> <span class='ocrx_word' id='word_1_138' title='bbox 526 1814 669 1889; x_wconf 85' lang='lat' dir='ltr'>suismet,</span> <span class='ocrx_word' id='word_1_139' title='bbox 683 1825 738 1877; x_wconf 87' lang='lat' dir='ltr'>aut</span> <span class='ocrx_word' id='word_1_140' title='bbox 753 1814 970 1895; x_wconf 83' lang='lat' dir='ltr'>proximorum</span> <span class='ocrx_word' id='word_1_141' title='bbox 985 1816 1068 1896; x_wconf 86' lang='lat' dir='ltr'>telis,</span> <span class='ocrx_word' id='word_1_142' title='bbox 1082 1821 1185 1884; x_wconf 84' lang='lat' dir='ltr'>caeteri</span> <span class='ocrx_word' id='word_1_143' title='bbox 1200 1820 1272 1886; x_wconf 87' lang='lat' dir='ltr'>vice</span> 
     </span>
     <span class='ocr_line' id='line_1_18' title="bbox 77 1897 668 1985; baseline -0.012 -21"><span class='ocrx_word' id='word_1_144' title='bbox 77 1920 233 1985; x_wconf 86' lang='lat' dir='ltr'>pecorum</span> <span class='ocrx_word' id='word_1_145' title='bbox 244 1897 516 1963; x_wconf 76' lang='lat' dir='ltr'>obtruncabantur:</span> <span class='ocrx_word' id='word_1_146' title='bbox 537 1897 668 1960; x_wconf 84' lang='lat' dir='ltr'>Nonius.</span> 
     </span>
    </p>

    <p class='ocr_par' dir='ltr' id='par_1_6' title="bbox 79 1980 1270 2156">
     <span class='ocr_line' id='line_1_19' title="bbox 126 1980 1270 2066; baseline 0.005 -18"><span class='ocrx_word' id='word_1_147' title='bbox 126 1985 303 2048; x_wconf 88' lang='lat' dir='ltr'>Occurrere</span> <span class='ocrx_word' id='word_1_148' title='bbox 317 1984 403 2062; x_wconf 90' lang='lat' dir='ltr'>duci,</span> <span class='ocrx_word' id='word_1_149' title='bbox 418 1997 450 2046; x_wconf 89' lang='lat' dir='ltr'>et</span> <span class='ocrx_word' id='word_1_150' title='bbox 470 1983 612 2066; x_wconf 85' lang='lat' dir='ltr'>proeliurn</span> <span class='ocrx_word' id='word_1_151' title='bbox 635 1980 966 2056; x_wconf 66' lang='lat' dir='ltr'>arcesseremusne</span> <span class='ocrx_word' id='word_1_152' title='bbox 989 1982 1124 2050; x_wconf 88' lang='lat' dir='ltr'>Metello</span> <span class='ocrx_word' id='word_1_153' title='bbox 1146 1988 1179 2052; x_wconf 90' lang='lat' dir='ltr'>in</span> <span class='ocrx_word' id='word_1_154' title='bbox 1200 1997 1270 2054; x_wconf 74' lang='lat' dir='ltr'>tsa·</span> 
     </span>
     <span class='ocr_line' id='line_1_20' title="bbox 79 2067 951 2156; baseline -0.005 -22"><span class='ocrx_word' id='word_1_155' title='bbox 79 2091 171 2156; x_wconf 83' lang='lat' dir='ltr'>gum,</span> <span class='ocrx_word' id='word_1_156' title='bbox 188 2070 358 2135; x_wconf 87' lang='lat' dir='ltr'>Hurtuleio</span> <span class='ocrx_word' id='word_1_157' title='bbox 371 2070 403 2132; x_wconf 92' lang='lat' dir='ltr'>in</span> <span class='ocrx_word' id='word_1_158' title='bbox 418 2070 592 2148; x_wconf 81' lang='lat' dir='ltr'>brachium,</span> <span class='ocrx_word' id='word_1_159' title='bbox 606 2069 668 2132; x_wconf 88' lang='lat' dir='ltr'>tela</span> <span class='ocrx_word' id='word_1_160' title='bbox 683 2067 835 2131; x_wconf 86' lang='lat' dir='ltr'>venirent.</span> <span class='ocrx_word' id='word_1_161' title='bbox 859 2068 951 2130; x_wconf 84' lang='lat' dir='ltr'>Idem.</span> 
     </span>
    </p>

    <p class='ocr_par' dir='ltr' id='par_1_7' title="bbox 78 2148 1274 2308">
     <span class='ocr_line' id='line_1_21' title="bbox 124 2148 1274 2245; baseline 0.005 -27"><span class='ocrx_word' id='word_1_162' title='bbox 124 2154 334 2240; x_wconf 79' lang='lat' dir='ltr'>hAvidisque</span> <span class='ocrx_word' id='word_1_163' title='bbox 350 2156 402 2234; x_wconf 79' lang='lat' dir='ltr'>ita,</span> <span class='ocrx_word' id='word_1_164' title='bbox 416 2152 630 2240; x_wconf 83' lang='lat' dir='ltr'>promptisque</span> <span class='ocrx_word' id='word_1_165' title='bbox 647 2155 792 2234; x_wconf 89' lang='lat' dir='ltr'>ducibus,</span> <span class='ocrx_word' id='word_1_166' title='bbox 807 2148 854 2216; x_wconf 84' lang='lat' dir='ltr'>uti</span> <span class='ocrx_word' id='word_1_167' title='bbox 871 2154 1024 2222; x_wconf 87' lang='lat' dir='ltr'>Metellus</span> <span class='ocrx_word' id='word_1_168' title='bbox 1040 2155 1106 2220; x_wconf 88' lang='lat' dir='ltr'>ictu</span> <span class='ocrx_word' id='word_1_169' title='bbox 1126 2156 1274 2245; x_wconf 81' lang='lat' dir='ltr'>itragulae</span> 
     </span>
     <span class='ocr_line' id='line_1_22' title="bbox 78 2242 401 2308; baseline -0.019 0"><span class='ocrx_word' id='word_1_170' title='bbox 78 2243 281 2308; x_wconf 73' lang='lat' dir='ltr'>sauciaretur.</span> <span class='ocrx_word' id='word_1_171' title='bbox 308 2242 401 2305; x_wconf 73' lang='lat' dir='ltr'>idem.</span> 
     </span>
    </p>

    <p class='ocr_par' dir='ltr' id='par_1_8' title="bbox 125 2325 1041 2392">
     <span class='ocr_line' id='line_1_23' title="bbox 125 2325 1041 2392; baseline -0.001 -1"><span class='ocrx_word' id='word_1_172' title='bbox 125 2328 191 2391; x_wconf 88' lang='lat' dir='ltr'>Sed</span> <span class='ocrx_word' id='word_1_173' title='bbox 208 2328 360 2390; x_wconf 88' lang='lat' dir='ltr'>Metellus</span> <span class='ocrx_word' id='word_1_174' title='bbox 373 2329 405 2388; x_wconf 90' lang='lat' dir='ltr'>in</span> <span class='ocrx_word' id='word_1_175' title='bbox 420 2327 559 2392; x_wconf 88' lang='lat' dir='ltr'>vulnere.</span> <span class='ocrx_word' id='word_1_176' title='bbox 582 2325 667 2390; x_wconf 87' lang='lat' dir='ltr'>Don.</span> <span class='ocrx_word' id='word_1_177' title='bbox 683 2337 744 2389; x_wconf 84' lang='lat' dir='ltr'>act.</span> <span class='ocrx_word' id='word_1_178' title='bbox 756 2347 787 2389; x_wconf 87' lang='lat' dir='ltr'>v.</span> <span class='ocrx_word' id='word_1_179' title='bbox 803 2347 847 2389; x_wconf 88' lang='lat' dir='ltr'>sc.</span> <span class='ocrx_word' id='word_1_180' title='bbox 861 2331 890 2388; x_wconf 89' lang='lat'>1.</span> <span class='ocrx_word' id='word_1_181' title='bbox 906 2333 935 2388; x_wconf 91' lang='lat'>1.</span> <span class='ocrx_word' id='word_1_182' title='bbox 958 2326 1041 2390; x_wconf 70' lang='lat' dir='ltr'>Ana</span> 
     </span>
    </p>

    <p class='ocr_par' dir='ltr' id='par_1_9' title="bbox 125 2411 1208 2496">
     <span class='ocr_line' id='line_1_24' title="bbox 125 2411 1208 2496; baseline 0 -18"><span class='ocrx_word' id='word_1_183' title='bbox 125 2411 239 2478; x_wconf 86' lang='lat' dir='ltr'>Primb</span> <span class='ocrx_word' id='word_1_184' title='bbox 256 2414 367 2478; x_wconf 87' lang='lat' dir='ltr'>incidit</span> <span class='ocrx_word' id='word_1_185' title='bbox 382 2411 462 2476; x_wconf 73' lang='lat' dir='ltr'>forte</span> <span class='ocrx_word' id='word_1_186' title='bbox 479 2433 536 2496; x_wconf 86' lang='lat' dir='ltr'>per</span> <span class='ocrx_word' id='word_1_187' title='bbox 547 2428 671 2478; x_wconf 83' lang='lat' dir='ltr'>noctem</span> <span class='ocrx_word' id='word_1_188' title='bbox 687 2413 718 2474; x_wconf 91' lang='lat' dir='ltr'>in</span> <span class='ocrx_word' id='word_1_189' title='bbox 734 2413 933 2488; x_wconf 75' lang='lat' dir='ltr'>¹¹renunculo</span> <span class='ocrx_word' id='word_1_190' title='bbox 944 2413 1103 2496; x_wconf 76' lang='lat' dir='ltr'>piscantis.</span> <span class='ocrx_word' id='word_1_191' title='bbox 1125 2415 1208 2480; x_wconf 85' lang='lat' dir='ltr'>Nan.</span> 
     </span>
    </p>
   </div>
   <div class='ocr_carea' id='block_1_5' title="bbox 74 2495 1277 2756">
    <p class='ocr_par' dir='ltr' id='par_1_10' title="bbox 74 2495 1277 2756">
     <span class='ocr_line' id='line_1_25' title="bbox 127 2495 1277 2601; baseline 0.004 -39"><span class='ocrx_word' id='word_1_192' title='bbox 127 2499 185 2601; x_wconf 70' lang='lat' dir='ltr'>Ad</span> <span class='ocrx_word' id='word_1_193' title='bbox 198 2500 258 2562; x_wconf 93' lang='lat' dir='ltr'>hoc</span> <span class='ocrx_word' id='word_1_194' title='bbox 269 2520 368 2583; x_wconf 89' lang='lat' dir='ltr'>pauca</span> <span class='ocrx_word' id='word_1_195' title='bbox 381 2498 516 2583; x_wconf 82' lang='lat' dir='ltr'>piraticae</span> <span class='ocrx_word' id='word_1_196' title='bbox 528 2499 673 2584; x_wconf 82' lang='lat' dir='ltr'>adjungit</span> <span class='ocrx_word' id='word_1_197' title='bbox 686 2495 840 2564; x_wconf 88' lang='lat' dir='ltr'>¹actuaria</span> <span class='ocrx_word' id='word_1_198' title='bbox 851 2497 975 2582; x_wconf 80' lang='lat' dir='ltr'>naviga.</span> <span class='ocrx_word' id='word_1_199' title='bbox 999 2499 1080 2564; x_wconf 80' lang='lat' dir='ltr'>Idem</span> <span class='ocrx_word' id='word_1_200' title='bbox 1090 2501 1124 2571; x_wconf 75' lang='lat' dir='ltr'>in</span> <span class='ocrx_word' id='word_1_201' title='bbox 1133 2502 1277 2572; x_wconf 78' lang='lat' dir='ltr'>Paroticu</span> 
     </span>
     <span class='ocr_line' id='line_1_26' title="bbox 74 2589 1147 2756; baseline -0.005 -16"><span class='ocrx_word' id='word_1_202' title='bbox 74 2589 247 2740; x_wconf 40' lang='lat' dir='ltr'>aaran&amp;</span> <span class='ocrx_word' id='word_1_203' title='bbox 260 2681 283 2710; x_wconf 80' lang='lat'>¹¹¹</span> <span class='ocrx_word' id='word_1_204' title='bbox 292 2683 412 2736; x_wconf 82' lang='lat' dir='ltr'>sacrata</span> <span class='ocrx_word' id='word_1_205' title='bbox 427 2690 557 2756; x_wconf 89' lang='lat' dir='ltr'>corpora</span> <span class='ocrx_word' id='word_1_206' title='bbox 571 2670 604 2736; x_wconf 90' lang='lat' dir='ltr'>in</span> <span class='ocrx_word' id='word_1_207' title='bbox 618 2683 720 2740; x_wconf 83' lang='lat' dir='ltr'>ratem</span> <span class='ocrx_word' id='word_1_208' title='bbox 734 2668 933 2754; x_wconf 79' lang='lat' dir='ltr'>imposuisse·</span> <span class='ocrx_word' id='word_1_209' title='bbox 960 2632 1147 2738; x_wconf 71' lang='lat' dir='ltr'>Arusianus.</span> 
     </span>
    </p>
   </div>
   <div class='ocr_carea' id='block_1_6' title="bbox 620 2843 737 2895">
    <p class='ocr_par' dir='ltr' id='par_1_11' title="bbox 620 2843 737 2895">
     <span class='ocr_line' id='line_1_27' title="bbox 620 2843 737 2895; baseline -0.009 0"><span class='ocrx_word' id='word_1_210' title='bbox 620 2843 737 2895; x_wconf 79' lang='lat' dir='ltr'>NOTAE.</span> 
     </span>
    </p>
   </div>
   <div class='ocr_carea' id='block_1_7' title="bbox 81 2994 1281 3800">
    <p class='ocr_par' dir='ltr' id='par_1_12' title="bbox 81 2994 1281 3800">
     <span class='ocr_line' id='line_1_28' title="bbox 115 2994 1277 3062; baseline -0.001 -11"><span class='ocrx_word' id='word_1_211' title='bbox 115 3013 133 3051; x_wconf 80' lang='lat' dir='ltr'>s</span> <span class='ocrx_word' id='word_1_212' title='bbox 147 2998 242 3062; x_wconf 74' lang='lat' dir='ltr'>Serus]</span> <span class='ocrx_word' id='word_1_213' title='bbox 251 2999 284 3050; x_wconf 83' lang='lat' dir='ltr'>td</span> <span class='ocrx_word' id='word_1_214' title='bbox 297 3005 348 3060; x_wconf 83' lang='lat' dir='ltr'>est,</span> <span class='ocrx_word' id='word_1_215' title='bbox 358 3013 449 3049; x_wconf 71' lang='lat' dir='ltr'>emas.-</span> <span class='ocrx_word' id='word_1_216' title='bbox 462 3001 540 3062; x_wconf 82' lang='lat' dir='ltr'>atque</span> <span class='ocrx_word' id='word_1_217' title='bbox 552 2995 592 3046; x_wconf 82' lang='lat' dir='ltr'>ita</span> <span class='ocrx_word' id='word_1_218' title='bbox 601 3002 671 3046; x_wconf 86' lang='lat' dir='ltr'>vete·</span> <span class='ocrx_word' id='word_1_219' title='bbox 725 3011 745 3062; x_wconf 76' lang='lat' dir='ltr'><strong>g</strong></span> <span class='ocrx_word' id='word_1_220' title='bbox 758 2994 872 3060; x_wconf 63' lang='lat' dir='ltr'>Sam]</span> <span class='ocrx_word' id='word_1_221' title='bbox 883 2995 1078 3050; x_wconf 80' lang='lat' dir='ltr'>vestimentum</span> <span class='ocrx_word' id='word_1_222' title='bbox 1090 3002 1150 3050; x_wconf 85' lang='lat' dir='ltr'>erat</span> <span class='ocrx_word' id='word_1_223' title='bbox 1162 2998 1277 3054; x_wconf 85' lang='lat' dir='ltr'>militare</span> 
     </span>
     <span class='ocr_line' id='line_1_29' title="bbox 82 3058 976 3130; baseline -0.008 -12"><span class='ocrx_word' id='word_1_224' title='bbox 82 3081 126 3118; x_wconf 78' lang='lat' dir='ltr'>res</span> <span class='ocrx_word' id='word_1_225' title='bbox 146 3067 250 3118; x_wconf 83' lang='lat' dir='ltr'>locutos</span> <span class='ocrx_word' id='word_1_226' title='bbox 267 3081 327 3116; x_wconf 87' lang='lat' dir='ltr'>esse</span> <span class='ocrx_word' id='word_1_227' title='bbox 346 3063 438 3114; x_wconf 85' lang='lat' dir='ltr'>multis</span> <span class='ocrx_word' id='word_1_228' title='bbox 455 3069 485 3113; x_wconf 87' lang='lat' dir='ltr'>et</span> <span class='ocrx_word' id='word_1_229' title='bbox 502 3058 568 3112; x_wconf 74' lang='lat' dir='ltr'>bend</span> <span class='ocrx_word' id='word_1_230' title='bbox 584 3077 672 3130; x_wconf 84' lang='lat' dir='ltr'>perse·</span> <span class='ocrx_word' id='word_1_231' title='bbox 692 3059 805 3114; x_wconf 68' lang='lat' dir='ltr'>suellis</span> <span class='ocrx_word' id='word_1_232' title='bbox 818 3072 976 3114; x_wconf 79' lang='lat' dir='ltr'>mutuatum.</span> 
     </span>
     <span class='ocr_line' id='line_1_30' title="bbox 82 3128 1277 3201; baseline 0 -17"><span class='ocrx_word' id='word_1_233' title='bbox 82 3136 179 3201; x_wconf 85' lang='lat' dir='ltr'>quitur</span> <span class='ocrx_word' id='word_1_234' title='bbox 190 3132 290 3184; x_wconf 87' lang='lat' dir='ltr'>Carrio.</span> <span class='ocrx_word' id='word_1_235' title='bbox 724 3128 1075 3194; x_wconf 73' lang='lat' dir='ltr'>bdoidlsque]uousshlc</span> <span class='ocrx_word' id='word_1_236' title='bbox 1087 3131 1277 3200; x_wconf 73' lang='lat' dir='ltr'>depugnsagi</span> 
     </span>
     <span class='ocr_line' id='line_1_31' title="bbox 118 3197 1277 3264; baseline 0 -12"><span class='ocrx_word' id='word_1_237' title='bbox 118 3203 135 3252; x_wconf 94' lang='lat' dir='ltr'>b</span> <span class='ocrx_word' id='word_1_238' title='bbox 147 3197 257 3264; x_wconf 67' lang='lat' dir='ltr'>stalera]</span> <span class='ocrx_word' id='word_1_239' title='bbox 276 3199 343 3250; x_wconf 81' lang='lat' dir='ltr'>Gall.</span> <span class='ocrx_word' id='word_1_240' title='bbox 359 3199 411 3248; x_wconf 78' lang='lat' dir='ltr'>Des</span> <span class='ocrx_word' id='word_1_241' title='bbox 423 3201 571 3264; x_wconf 66' lang='lat' dir='ltr'>toffisoers&#39;es.</span> <span class='ocrx_word' id='word_1_242' title='bbox 691 3197 789 3258; x_wconf 85' lang='lat' dir='ltr'>credit,</span> <span class='ocrx_word' id='word_1_243' title='bbox 803 3201 828 3248; x_wconf 89' lang='lat' dir='ltr'>in</span> <span class='ocrx_word' id='word_1_244' title='bbox 847 3197 1000 3263; x_wconf 77' lang='lat' dir='ltr'>Saguntinis</span> <span class='ocrx_word' id='word_1_245' title='bbox 1016 3199 1117 3264; x_wconf 83' lang='lat' dir='ltr'>campi:</span> <span class='ocrx_word' id='word_1_246' title='bbox 1130 3199 1146 3252; x_wconf 77' lang='grc' dir='ltr'>ὲ</span> <span class='ocrx_word' id='word_1_247' title='bbox 1159 3203 1277 3252; x_wconf 83' lang='lat' dir='ltr'>Sertorio</span> 
     </span>
     <span class='ocr_line' id='line_1_32' title="bbox 117 3263 1276 3332; baseline 0.001 -12"><span class='ocrx_word' id='word_1_248' title='bbox 117 3287 134 3320; x_wconf 91' lang='lat' dir='ltr'>c</span> <span class='ocrx_word' id='word_1_249' title='bbox 150 3265 251 3332; x_wconf 78' lang='lat' dir='ltr'>Orsen]</span> <span class='ocrx_word' id='word_1_250' title='bbox 272 3271 338 3317; x_wconf 82' lang='lat' dir='ltr'>Eum</span> <span class='ocrx_word' id='word_1_251' title='bbox 353 3266 379 3315; x_wconf 89' lang='lat' dir='ltr'>in</span> <span class='ocrx_word' id='word_1_252' title='bbox 391 3265 517 3316; x_wconf 87' lang='lat' dir='ltr'>odoribus</span> <span class='ocrx_word' id='word_1_253' title='bbox 532 3265 671 3329; x_wconf 83' lang='lat' dir='ltr'>habebant,</span> <span class='ocrx_word' id='word_1_254' title='bbox 692 3265 843 3326; x_wconf 66' lang='lat' dir='ltr'>commissa,</span> <span class='ocrx_word' id='word_1_255' title='bbox 860 3265 961 3332; x_wconf 78' lang='lat' dir='ltr'>idque</span> <span class='ocrx_word' id='word_1_256' title='bbox 980 3265 1106 3318; x_wconf 83' lang='lat' dir='ltr'>Metellus</span> <span class='ocrx_word' id='word_1_257' title='bbox 1124 3263 1141 3320; x_wconf 73' lang='lat' dir='ltr'>d</span> <span class='ocrx_word' id='word_1_258' title='bbox 1158 3269 1276 3322; x_wconf 78' lang='lat' dir='ltr'>Sertorio</span> 
     </span>
     <span class='ocr_line' id='line_1_33' title="bbox 83 3332 887 3400; baseline -0.004 -15"><span class='ocrx_word' id='word_1_259' title='bbox 83 3341 113 3385; x_wconf 81' lang='lat' dir='ltr'>ct</span> <span class='ocrx_word' id='word_1_260' title='bbox 132 3335 194 3386; x_wconf 87' lang='lat' dir='ltr'>ideo</span> <span class='ocrx_word' id='word_1_261' title='bbox 212 3337 282 3400; x_wconf 69' lang='lat' dir='ltr'>aqua</span> <span class='ocrx_word' id='word_1_262' title='bbox 299 3333 450 3388; x_wconf 61' lang='lat' dir='ltr'>diluebant:</span> <span class='ocrx_word' id='word_1_263' title='bbox 468 3333 539 3382; x_wconf 88' lang='lat' dir='ltr'>unde</span> <span class='ocrx_word' id='word_1_264' title='bbox 556 3333 587 3380; x_wconf 86' lang='lat' dir='ltr'>sb</span> <span class='ocrx_word' id='word_1_265' title='bbox 601 3335 671 3397; x_wconf 80' lang='lat' dir='ltr'>Apu·</span> <span class='ocrx_word' id='word_1_266' title='bbox 694 3332 826 3381; x_wconf 84' lang='lat' dir='ltr'>sancimus</span> <span class='ocrx_word' id='word_1_267' title='bbox 838 3341 887 3382; x_wconf 76' lang='lat' dir='ltr'>est</span> 
     </span>
     <span class='ocr_line' id='line_1_34' title="bbox 83 3397 1278 3463; baseline -0.001 -12"><span class='ocrx_word' id='word_1_268' title='bbox 83 3402 150 3463; x_wconf 84' lang='lat' dir='ltr'>leio,</span> <span class='ocrx_word' id='word_1_269' title='bbox 161 3406 259 3455; x_wconf 70' lang='lat' dir='ltr'>odorus</span> <span class='ocrx_word' id='word_1_270' title='bbox 272 3399 289 3450; x_wconf 71' lang='lat' dir='ltr'>s</span> <span class='ocrx_word' id='word_1_271' title='bbox 301 3400 404 3450; x_wconf 69' lang='lat' dir='ltr'>Seneca</span> <span class='ocrx_word' id='word_1_272' title='bbox 419 3403 536 3449; x_wconf 81' lang='lat' dir='ltr'>odoratus</span> <span class='ocrx_word' id='word_1_273' title='bbox 547 3401 622 3449; x_wconf 78' lang='lat' dir='ltr'>imber</span> <span class='ocrx_word' id='word_1_274' title='bbox 634 3400 673 3450; x_wconf 90' lang='lat' dir='ltr'>di·</span> <span class='ocrx_word' id='word_1_275' title='bbox 727 3416 735 3447; x_wconf 86' lang='grc' dir='ltr'><strong>ι</strong></span> <span class='ocrx_word' id='word_1_276' title='bbox 752 3397 893 3462; x_wconf 62' lang='lat' dir='ltr'>Trogum]</span> <span class='ocrx_word' id='word_1_277' title='bbox 914 3401 1003 3452; x_wconf 80' lang='lat' dir='ltr'>Genus</span> <span class='ocrx_word' id='word_1_278' title='bbox 1020 3409 1064 3451; x_wconf 85' lang='lat' dir='ltr'>est</span> <span class='ocrx_word' id='word_1_279' title='bbox 1079 3401 1139 3462; x_wconf 87' lang='lat' dir='ltr'>teli,</span> <span class='ocrx_word' id='word_1_280' title='bbox 1152 3401 1278 3452; x_wconf 85' lang='lat' dir='ltr'>similitu·</span> 
     </span>
     <span class='ocr_line' id='line_1_35' title="bbox 81 3463 857 3532; baseline -0.006 -14"><span class='ocrx_word' id='word_1_281' title='bbox 81 3471 164 3520; x_wconf 85' lang='lat' dir='ltr'>citur.</span> <span class='ocrx_word' id='word_1_282' title='bbox 200 3471 321 3532; x_wconf 68' lang='lat' dir='ltr'>Optimos</span> <span class='ocrx_word' id='word_1_283' title='bbox 338 3482 373 3518; x_wconf 84' lang='lat' dir='ltr'>ex</span> <span class='ocrx_word' id='word_1_284' title='bbox 387 3463 485 3526; x_wconf 71' lang='lat' dir='ltr'>uineis</span> <span class='ocrx_word' id='word_1_285' title='bbox 503 3466 670 3526; x_wconf 80' lang='lat' dir='ltr'>mittebatur;</span> <span class='ocrx_word' id='word_1_286' title='bbox 693 3463 756 3514; x_wconf 91' lang='lat' dir='ltr'>dine</span> <span class='ocrx_word' id='word_1_287' title='bbox 769 3467 857 3514; x_wconf 77' lang='lat' dir='ltr'>hastae.</span> 
     </span>
     <span class='ocr_line' id='line_1_36' title="bbox 85 3531 1278 3601; baseline 0.001 -15"><span class='ocrx_word' id='word_1_288' title='bbox 85 3535 149 3588; x_wconf 85' lang='lat' dir='ltr'>binc</span> <span class='ocrx_word' id='word_1_289' title='bbox 168 3535 308 3584; x_wconf 83' lang='lat' dir='ltr'>Martialis.</span> <span class='ocrx_word' id='word_1_290' title='bbox 726 3531 745 3580; x_wconf 86' lang='lat' dir='ltr'>k</span> <span class='ocrx_word' id='word_1_291' title='bbox 758 3531 927 3597; x_wconf 62' lang='lat' dir='ltr'>Retinacula]</span> <span class='ocrx_word' id='word_1_292' title='bbox 941 3536 1032 3586; x_wconf 78' lang='lat' dir='ltr'>Carrio</span> <span class='ocrx_word' id='word_1_293' title='bbox 1043 3535 1113 3585; x_wconf 67' lang='lat' dir='ltr'>hanc</span> <span class='ocrx_word' id='word_1_294' title='bbox 1123 3550 1215 3586; x_wconf 79' lang='lat' dir='ltr'>vocem</span> <span class='ocrx_word' id='word_1_295' title='bbox 1228 3551 1278 3601; x_wconf 87' lang='lat' dir='ltr'>pro</span> 
     </span>
     <span class='ocr_line' id='line_1_37' title="bbox 119 3601 1279 3666; baseline 0.001 -14"><span class='ocrx_word' id='word_1_296' title='bbox 119 3605 158 3653; x_wconf 80' lang='lat' dir='ltr'>Er</span> <span class='ocrx_word' id='word_1_297' title='bbox 174 3605 261 3652; x_wconf 72' lang='lat' dir='ltr'>uinces</span> <span class='ocrx_word' id='word_1_298' title='bbox 272 3603 357 3650; x_wconf 78' lang='lat' dir='ltr'>nimbis</span> <span class='ocrx_word' id='word_1_299' title='bbox 368 3602 410 3650; x_wconf 74' lang='lat' dir='ltr'>hic</span> <span class='ocrx_word' id='word_1_300' title='bbox 421 3602 603 3651; x_wconf 59' lang='lat' dir='ltr'>madueresm‘s</span> <span class='ocrx_word' id='word_1_301' title='bbox 693 3601 798 3666; x_wconf 80' lang='lat' dir='ltr'>navigio</span> <span class='ocrx_word' id='word_1_302' title='bbox 809 3601 954 3665; x_wconf 84' lang='lat' dir='ltr'>piscatorio</span> <span class='ocrx_word' id='word_1_303' title='bbox 968 3603 1085 3652; x_wconf 87' lang='lat' dir='ltr'>Gellium</span> <span class='ocrx_word' id='word_1_304' title='bbox 1103 3604 1224 3666; x_wconf 77' lang='lat' dir='ltr'>accipere</span> <span class='ocrx_word' id='word_1_305' title='bbox 1237 3603 1279 3653; x_wconf 87' lang='lat' dir='ltr'>di·</span> 
     </span>
     <span class='ocr_line' id='line_1_38' title="bbox 120 3667 1281 3732; baseline 0.002 -12"><span class='ocrx_word' id='word_1_306' title='bbox 120 3667 328 3732; x_wconf 67' lang='lat' dir='ltr'>dTrunmnm]</span> <span class='ocrx_word' id='word_1_307' title='bbox 350 3669 456 3718; x_wconf 83' lang='lat' dir='ltr'>Servius</span> <span class='ocrx_word' id='word_1_308' title='bbox 477 3679 614 3720; x_wconf 85' lang='lat' dir='ltr'>extensum</span> <span class='ocrx_word' id='word_1_309' title='bbox 632 3667 671 3722; x_wconf 83' lang='lat' dir='ltr'>fu.</span> <span class='ocrx_word' id='word_1_310' title='bbox 692 3667 928 3728; x_wconf 64' lang='lat' dir='ltr'>desedissent</span> <span class='ocrx_word' id='word_1_311' title='bbox 946 3668 1093 3729; x_wconf 86' lang='lat' dir='ltr'>codicibus,</span> <span class='ocrx_word' id='word_1_312' title='bbox 1107 3671 1281 3722; x_wconf 84' lang='lat' dir='ltr'>remunculus</span> 
     </span>
     <span class='ocr_line' id='line_1_39' title="bbox 87 3735 1278 3800; baseline -0.001 -13"><span class='ocrx_word' id='word_1_313' title='bbox 87 3752 156 3798; x_wconf 89' lang='lat' dir='ltr'>nem,</span> <span class='ocrx_word' id='word_1_314' title='bbox 171 3738 272 3788; x_wconf 79' lang='lat' dir='ltr'>Nonius</span> <span class='ocrx_word' id='word_1_315' title='bbox 282 3735 433 3790; x_wconf 81' lang='lat' dir='ltr'>fenestram,</span> <span class='ocrx_word' id='word_1_316' title='bbox 446 3737 642 3800; x_wconf 81' lang='lat' dir='ltr'>interpretatur.</span> <span class='ocrx_word' id='word_1_317' title='bbox 692 3735 859 3786; x_wconf 71' lang='lat' dir='ltr'>lenunculus</span> <span class='ocrx_word' id='word_1_318' title='bbox 872 3736 964 3800; x_wconf 87' lang='lat' dir='ltr'>reponi</span> <span class='ocrx_word' id='word_1_319' title='bbox 977 3736 1076 3787; x_wconf 84' lang='lat' dir='ltr'>volunt.</span> <span class='ocrx_word' id='word_1_320' title='bbox 1110 3739 1278 3790; x_wconf 84' lang='lat' dir='ltr'>Lenuncnlus</span> 
     </span>
    </p>
   </div>
   <div class='ocr_carea' id='block_1_8' title="bbox 25 3799 1278 3871">
    <p class='ocr_par' dir='ltr' id='par_1_13' title="bbox 25 3799 1278 3871">
     <span class='ocr_line' id='line_1_40' title="bbox 25 3799 1278 3871; baseline 0.002 -16"><span class='ocrx_word' id='word_1_321' title='bbox 25 3855 26 3860; x_wconf 69' lang='grc'>,</span> <span class='ocrx_word' id='word_1_322' title='bbox 121 3801 249 3866; x_wconf 81' lang='lat' dir='ltr'>ePlcm.]</span> <span class='ocrx_word' id='word_1_323' title='bbox 263 3803 467 3870; x_wconf 80' lang='lat' dir='ltr'>intelligendum</span> <span class='ocrx_word' id='word_1_324' title='bbox 480 3804 520 3852; x_wconf 84' lang='lat' dir='ltr'>vel</span> <span class='ocrx_word' id='word_1_325' title='bbox 529 3803 564 3853; x_wconf 85' lang='lat' dir='ltr'>de</span> <span class='ocrx_word' id='word_1_326' title='bbox 576 3803 671 3869; x_wconf 86' lang='lat' dir='ltr'>palma·</span> <span class='ocrx_word' id='word_1_327' title='bbox 693 3799 767 3852; x_wconf 77' lang='lat' dir='ltr'>certe</span> <span class='ocrx_word' id='word_1_328' title='bbox 787 3802 923 3863; x_wconf 85' lang='lat' dir='ltr'>scribitur,</span> <span class='ocrx_word' id='word_1_329' title='bbox 934 3811 963 3852; x_wconf 84' lang='lat' dir='ltr'>et</span> <span class='ocrx_word' id='word_1_330' title='bbox 974 3817 1023 3867; x_wconf 86' lang='lat' dir='ltr'>pro</span> <span class='ocrx_word' id='word_1_331' title='bbox 1040 3819 1071 3853; x_wconf 90' lang='lat' dir='ltr'>eo</span> <span class='ocrx_word' id='word_1_332' title='bbox 1085 3804 1180 3871; x_wconf 83' lang='lat' dir='ltr'>navigii</span> <span class='ocrx_word' id='word_1_333' title='bbox 1195 3823 1278 3870; x_wconf 79' lang='lat' dir='ltr'>genus</span> 
     </span>
    </p>
   </div>
   <div class='ocr_carea' id='block_1_9' title="bbox 26 3923 29 3956">
    <p class='ocr_par' dir='ltr' id='par_1_14' title="bbox 26 3923 29 3956">
     <span class='ocr_line' id='line_1_41' title="bbox 26 3923 29 3956; baseline 0 0"><span class='ocrx_word' id='word_1_334' title='bbox 26 3923 29 3956; x_wconf 92' lang='lat' dir='ltr'>l</span> 
     </span>
    </p>
   </div>
   <div class='ocr_carea' id='block_1_10' title="bbox 25 3870 1279 4006">
    <p class='ocr_par' dir='ltr' id='par_1_15' title="bbox 25 3870 1279 4006">
     <span class='ocr_line' id='line_1_42' title="bbox 25 3870 1278 3938; baseline 0.003 -20"><span class='ocrx_word' id='word_1_335' title='bbox 25 3871 28 3908; x_wconf 68' lang='grc' dir='ltr'>ἶ</span> <span class='ocrx_word' id='word_1_336' title='bbox 88 3871 127 3929; x_wconf 69' lang='lat' dir='ltr'>td,</span> <span class='ocrx_word' id='word_1_337' title='bbox 137 3887 216 3938; x_wconf 83' lang='lat' dir='ltr'>qnam</span> <span class='ocrx_word' id='word_1_338' title='bbox 229 3872 397 3922; x_wconf 83' lang='lat' dir='ltr'>merebantur</span> <span class='ocrx_word' id='word_1_339' title='bbox 410 3871 428 3920; x_wconf 87' lang='lat' dir='ltr'>ii</span> <span class='ocrx_word' id='word_1_340' title='bbox 444 3871 489 3934; x_wconf 90' lang='lat' dir='ltr'>qui</span> <span class='ocrx_word' id='word_1_341' title='bbox 500 3870 533 3922; x_wconf 90' lang='lat' dir='ltr'>de</span> <span class='ocrx_word' id='word_1_342' title='bbox 552 3872 671 3924; x_wconf 83' lang='lat' dir='ltr'>hostibus</span> <span class='ocrx_word' id='word_1_343' title='bbox 693 3881 749 3920; x_wconf 86' lang='lat' dir='ltr'>est:</span> <span class='ocrx_word' id='word_1_344' title='bbox 762 3874 789 3920; x_wconf 85' lang='lat' dir='ltr'>at</span> <span class='ocrx_word' id='word_1_345' title='bbox 802 3870 859 3918; x_wconf 84' lang='lat' dir='ltr'>sine</span> <span class='ocrx_word' id='word_1_346' title='bbox 872 3873 1111 3934; x_wconf 82' lang='lat' dir='ltr'>manuscriptorum</span> <span class='ocrx_word' id='word_1_347' title='bbox 1121 3875 1278 3924; x_wconf 85' lang='lat' dir='ltr'>auctoritate</span> 
     </span>
     <span class='ocr_line' id='line_1_43' title="bbox 27 3937 1279 4006; baseline 0.002 -20"><span class='ocrx_word' id='word_1_348' title='bbox 27 3969 29 4004; x_wconf 53' lang='lat'>2</span> <span class='ocrx_word' id='word_1_349' title='bbox 88 3939 187 4003; x_wconf 81' lang='lat' dir='ltr'>palmas</span> <span class='ocrx_word' id='word_1_350' title='bbox 199 3940 378 4005; x_wconf 79' lang='lat' dir='ltr'>reportabant,</span> <span class='ocrx_word' id='word_1_351' title='bbox 391 3939 461 4004; x_wconf 90' lang='lat' dir='ltr'>quod</span> <span class='ocrx_word' id='word_1_352' title='bbox 473 3939 599 3990; x_wconf 78' lang='lat' dir='ltr'>vicmriss</span> <span class='ocrx_word' id='word_1_353' title='bbox 611 3955 671 3988; x_wconf 91' lang='lat' dir='ltr'>cum</span> <span class='ocrx_word' id='word_1_354' title='bbox 693 3952 743 3988; x_wconf 87' lang='lat' dir='ltr'>non</span> <span class='ocrx_word' id='word_1_355' title='bbox 756 3937 839 3985; x_wconf 87' lang='lat' dir='ltr'>ausim</span> <span class='ocrx_word' id='word_1_356' title='bbox 849 3952 939 3988; x_wconf 78' lang='lat' dir='ltr'>vocam</span> <span class='ocrx_word' id='word_1_357' title='bbox 951 3939 1063 4006; x_wconf 84' lang='lat' dir='ltr'>aliquam</span> <span class='ocrx_word' id='word_1_358' title='bbox 1075 3948 1150 3990; x_wconf 77' lang='lat' dir='ltr'>extra</span> <span class='ocrx_word' id='word_1_359' title='bbox 1159 3939 1279 3992; x_wconf 66' lang='lat' dir='ltr'>[latinam</span> 
     </span>
    </p>
   </div>
   <div class='ocr_carea' id='block_1_11' title="bbox 88 4003 967 4070">
    <p class='ocr_par' dir='ltr' id='par_1_16' title="bbox 88 4003 967 4070">
     <span class='ocr_line' id='line_1_44' title="bbox 88 4003 967 4070; baseline -0.002 -16"><span class='ocrx_word' id='word_1_360' title='bbox 88 4005 131 4070; x_wconf 91' lang='lat' dir='ltr'>pal</span> <span class='ocrx_word' id='word_1_361' title='bbox 144 4009 181 4055; x_wconf 64' lang='lat' dir='ltr'>ais</span> <span class='ocrx_word' id='word_1_362' title='bbox 194 4005 477 4063; x_wconf 57' lang='lat' dir='ltr'>intermissumue:</span> <span class='ocrx_word' id='word_1_363' title='bbox 494 4006 579 4068; x_wconf 81' lang='lat' dir='ltr'>placet</span> <span class='ocrx_word' id='word_1_364' title='bbox 593 4007 671 4056; x_wconf 85' lang='lat' dir='ltr'>Isido-</span> <span class='ocrx_word' id='word_1_365' title='bbox 694 4005 811 4068; x_wconf 82' lang='lat' dir='ltr'>linguam</span> <span class='ocrx_word' id='word_1_366' title='bbox 821 4003 967 4054; x_wconf 82' lang='lat' dir='ltr'>eliminare.</span> 
     </span>
    </p>
   </div>
   <div class='ocr_carea' id='block_1_12' title="bbox 29 4069 1280 4274">
    <p class='ocr_par' dir='ltr' id='par_1_17' title="bbox 29 4069 1280 4274">
     <span class='ocr_line' id='line_1_45' title="bbox 29 4069 1279 4140; baseline 0.002 -20"><span class='ocrx_word' id='word_1_367' title='bbox 29 4111 31 4114; x_wconf 95' lang='lat'>.</span> <span class='ocrx_word' id='word_1_368' title='bbox 88 4087 135 4120; x_wconf 84' lang='lat' dir='ltr'>ro:</span> <span class='ocrx_word' id='word_1_369' title='bbox 148 4071 191 4120; x_wconf 79' lang='lat' dir='ltr'>vel</span> <span class='ocrx_word' id='word_1_370' title='bbox 202 4073 288 4135; x_wconf 80' lang='lat' dir='ltr'>potiris</span> <span class='ocrx_word' id='word_1_371' title='bbox 297 4074 330 4124; x_wconf 88' lang='lat' dir='ltr'>de</span> <span class='ocrx_word' id='word_1_372' title='bbox 339 4078 403 4140; x_wconf 76' lang='lat' dir='ltr'>togt</span> <span class='ocrx_word' id='word_1_373' title='bbox 414 4072 446 4121; x_wconf 88' lang='lat' dir='ltr'>ab</span> <span class='ocrx_word' id='word_1_374' title='bbox 457 4071 578 4122; x_wconf 73' lang='lat' dir='ltr'>Etruscis</span> <span class='ocrx_word' id='word_1_375' title='bbox 586 4088 673 4138; x_wconf 85' lang='lat' dir='ltr'>sump-</span> <span class='ocrx_word' id='word_1_376' title='bbox 727 4069 896 4134; x_wconf 65' lang='lat' dir='ltr'>Metanira]</span> <span class='ocrx_word' id='word_1_377' title='bbox 920 4073 1008 4122; x_wconf 76' lang='lat' dir='ltr'>Nares</span> <span class='ocrx_word' id='word_1_378' title='bbox 1024 4079 1102 4124; x_wconf 82' lang='lat' dir='ltr'>erant</span> <span class='ocrx_word' id='word_1_379' title='bbox 1119 4073 1225 4126; x_wconf 83' lang='lat' dir='ltr'>veloces</span> <span class='ocrx_word' id='word_1_380' title='bbox 1244 4071 1279 4122; x_wconf 88' lang='lat' dir='ltr'>sd</span> 
     </span>
     <span class='ocr_line' id='line_1_46' title="bbox 89 4137 1280 4208; baseline 0 -20"><span class='ocrx_word' id='word_1_381' title='bbox 89 4139 127 4198; x_wconf 78' lang='lat' dir='ltr'>te,</span> <span class='ocrx_word' id='word_1_382' title='bbox 148 4147 274 4204; x_wconf 83' lang='lat' dir='ltr'>purpurei</span> <span class='ocrx_word' id='word_1_383' title='bbox 295 4141 402 4201; x_wconf 86' lang='lat' dir='ltr'>color-is,</span> <span class='ocrx_word' id='word_1_384' title='bbox 422 4155 485 4190; x_wconf 81' lang='lat' dir='ltr'>anm</span> <span class='ocrx_word' id='word_1_385' title='bbox 503 4139 673 4200; x_wconf 78' lang='lat' dir='ltr'>distinctd,s</span> <span class='ocrx_word' id='word_1_386' title='bbox 694 4146 819 4203; x_wconf 79' lang='lat' dir='ltr'>impetus,</span> <span class='ocrx_word' id='word_1_387' title='bbox 834 4147 862 4189; x_wconf 86' lang='lat' dir='ltr'>et</span> <span class='ocrx_word' id='word_1_388' title='bbox 877 4153 1010 4206; x_wconf 81' lang='lat' dir='ltr'>sepursus,</span> <span class='ocrx_word' id='word_1_389' title='bbox 1022 4137 1163 4208; x_wconf 87' lang='lat' dir='ltr'>flexusque</span> <span class='ocrx_word' id='word_1_390' title='bbox 1176 4140 1280 4206; x_wconf 71' lang='lat' dir='ltr'>capien7</span> 
     </span>
     <span class='ocr_line' id='line_1_47' title="bbox 30 4205 839 4274; baseline 0 -18"><span class='ocrx_word' id='word_1_391' title='bbox 30 4217 32 4248; x_wconf 62' lang='lat' dir='ltr'>i</span> <span class='ocrx_word' id='word_1_392' title='bbox 89 4205 311 4270; x_wconf 82' lang='lat' dir='ltr'>triumphantibus</span> <span class='ocrx_word' id='word_1_393' title='bbox 324 4211 381 4274; x_wconf 85' lang='lat' dir='ltr'>geri</span> <span class='ocrx_word' id='word_1_394' title='bbox 394 4209 510 4270; x_wconf 57' lang='lat' dir='ltr'>solitu„</span> <span class='ocrx_word' id='word_1_395' title='bbox 694 4207 839 4272; x_wconf 67' lang='lat' dir='ltr'>dompne.</span> 
     </span>
    </p>
   </div>
   <div class='ocr_carea' id='block_1_13' title="bbox 31 4257 33 4318">
    <p class='ocr_par' dir='ltr' id='par_1_18' title="bbox 31 4257 33 4318">
     <span class='ocr_line' id='line_1_48' title="bbox 31 4257 33 4288; baseline 0 0"><span class='ocrx_word' id='word_1_396' title='bbox 31 4257 33 4288; x_wconf 93' lang='lat' dir='ltr'>l</span> 
     </span>
     <span class='ocr_line' id='line_1_49' title="bbox 31 4289 33 4318; baseline 0 0"><span class='ocrx_word' id='word_1_397' title='bbox 31 4289 33 4318; x_wconf 87' lang='lat' dir='ltr'>l</span> 
     </span>
    </p>
   </div>
   <div class='ocr_carea' id='block_1_14' title="bbox 32 4334 45 4607">
    <p class='ocr_par' dir='ltr' id='par_1_19' title="bbox 32 4334 45 4640">
     <span class='ocr_line' id='line_1_50' title="bbox 32 4334 45 4607; baseline 0 -263"><span class='ocrx_word' id='word_1_398' title='bbox 32 4334 45 4607; x_wconf 26' lang='lat' dir='ltr'>p</span> 
     </span>
    </p>
   </div>
   <div class='ocr_carea' id='block_1_15' title="bbox 39 4758 52 5034">
    <p class='ocr_par' dir='ltr' id='par_1_20' title="bbox 39 4758 52 5034">
     <span class='ocr_line' id='line_1_51' title="bbox 39 4758 52 5034; baseline 0 0"><span class='ocrx_word' id='word_1_399' title='bbox 39 4758 52 5034; x_wconf 90' lang='lat' dir='ltr'>l</span> 
     </span>
    </p>
   </div>
   <div class='ocr_carea' id='block_1_16' title="bbox 91 4271 1278 4472">
    <p class='ocr_par' dir='ltr' id='par_1_21' title="bbox 91 4271 1278 4472">
     <span class='ocr_line' id='line_1_52' title="bbox 123 4271 1278 4341; baseline 0.003 -19"><span class='ocrx_word' id='word_1_400' title='bbox 123 4272 139 4322; x_wconf 83' lang='lat' dir='ltr'>f</span> <span class='ocrx_word' id='word_1_401' title='bbox 145 4273 276 4336; x_wconf 67' lang='lat' dir='ltr'>amosis]</span> <span class='ocrx_word' id='word_1_402' title='bbox 295 4277 388 4336; x_wconf 82' lang='lat' dir='ltr'>idest,</span> <span class='ocrx_word' id='word_1_403' title='bbox 406 4280 454 4327; x_wconf 85' lang='lat' dir='ltr'>loco</span> <span class='ocrx_word' id='word_1_404' title='bbox 468 4277 582 4341; x_wconf 80' lang='lat' dir='ltr'>simplicis</span> <span class='ocrx_word' id='word_1_405' title='bbox 593 4286 672 4338; x_wconf 72' lang='lat' dir='ltr'>toga,-</span> <span class='ocrx_word' id='word_1_406' title='bbox 716 4289 753 4323; x_wconf 90' lang='lat' dir='ltr'>-m</span> <span class='ocrx_word' id='word_1_407' title='bbox 764 4271 897 4338; x_wconf 71' lang='lat' dir='ltr'>Sacrata]</span> <span class='ocrx_word' id='word_1_408' title='bbox 916 4275 998 4328; x_wconf 66' lang='lat' dir='ltr'>:mari</span> <span class='ocrx_word' id='word_1_409' title='bbox 1009 4287 1033 4328; x_wconf 81' lang='lat' dir='ltr'>et</span> <span class='ocrx_word' id='word_1_410' title='bbox 1045 4279 1094 4328; x_wconf 79' lang='lat' dir='ltr'>diis</span> <span class='ocrx_word' id='word_1_411' title='bbox 1104 4275 1227 4326; x_wconf 80' lang='lat' dir='ltr'>Manibus</span> <span class='ocrx_word' id='word_1_412' title='bbox 1238 4277 1278 4326; x_wconf 83' lang='lat' dir='ltr'>de·</span> 
     </span>
     <span class='ocr_line' id='line_1_53' title="bbox 91 4342 849 4472; baseline 0.003 -80"><span class='ocrx_word' id='word_1_413' title='bbox 91 4353 195 4472; x_wconf 45' lang='lat' dir='ltr'>{patres</span> <span class='ocrx_word' id='word_1_414' title='bbox 207 4355 314 4410; x_wconf 86' lang='lat' dir='ltr'>quoque</span> <span class='ocrx_word' id='word_1_415' title='bbox 331 4345 438 4398; x_wconf 85' lang='lat' dir='ltr'>amiculi</span> <span class='ocrx_word' id='word_1_416' title='bbox 454 4345 559 4397; x_wconf 86' lang='lat' dir='ltr'>nomine</span> <span class='ocrx_word' id='word_1_417' title='bbox 577 4342 675 4396; x_wconf 86' lang='lat' dir='ltr'>intelli·</span> <span class='ocrx_word' id='word_1_418' title='bbox 695 4352 760 4396; x_wconf 81' lang='lat' dir='ltr'>nota.</span> <span class='ocrx_word' id='word_1_419' title='bbox 846 4364 849 4378; x_wconf 55' lang='lat' dir='ltr'><em>s</em></span> 
     </span>
    </p>
   </div>
   <div class='ocr_carea' id='block_1_17' title="bbox 0 0 1537 5044">
    <p class='ocr_par' dir='ltr' id='par_1_22' title="bbox 0 0 1537 5044">
     <span class='ocr_line' id='line_1_54' title="bbox 0 0 1537 5044; baseline 0 0"><span class='ocrx_word' id='word_1_420' title='bbox 0 0 1537 5044; x_wconf 95' lang='lat' dir='ltr'> </span> 
     </span>
    </p>
   </div>
  </div>
 </body>
</html>
