3034 5054
211 325 276 382 238
614 313 683 380 An
698 313 738 379 C.
753 311 986 380 CAESAREM

1232 445 1251 475 0

211 489 304 552 remi
327 487 381 552 Μ.
397 485 503 550 Bibuli
524 483 705 564 ²f0riitudo,
719 500 812 570 atque
827 486 922 550 animi
936 488 996 568 vis,
1009 487 1042 552 in
1056 489 1252 556 consulatum
1267 495 1391 579 erupite

211 575 308 638 hebes
321 570 427 658 lingui
449 568 551 658 magis
572 571 683 650 malus,
696 594 790 654 quarn
813 573 953 650 callidus,
968 573 1104 658 ingenio.
1149 577 1239 653 Quid
1262 580 1313 642 ille
1335 603 1391 646 au·

212 662 296 736 dent,
309 660 360 724 cui
381 659 568 737 consulatus,
588 658 762 721 maximum
784 658 964 741 imperium,
982 661 1124 724 maximo
1145 663 1292 728 dedecori
1307 663 1392 731 tutet

211 748 268 810 An
284 745 326 810 L.
340 743 500 808 bDomitii
521 763 634 828 magns
647 743 697 806 vis
718 758 776 822 est,
790 746 880 829 eujus
896 739 1022 809 'nulium
1046 749 1220 812 membrum
1238 746 1395 836 &flagitio

210 847 265 897 aut
286 831 422 896 facinore
443 829 555 892 vacat?
576 828 702 912 Lingua
724 850 814 905 vans,
829 850 938 894 manus
960 848 1106 907 crucum,
1126 837 1219 915 pedes
1240 835 1393 918 fugacese

210 937 281 1000 quae
295 911 424 980 honesti
438 914 591 978 nominari
612 929 778 998 nequeant,
791 914 1053 982 inhonestissima-
1098 918 1201 982 Uuius
1215 934 1321 984 tamen
1335 923 1393 986 M.

210 1003 339 1067 Catonis
354 1001 513 1084 ingenium
529 1013 689 1063 versutum
703 1002 830 1083 loquax,
844 1003 1003 1086 callidum,
1018 1003 1104 1068 haud
1117 1021 1288 1068 contemno.
1326 1008 1390 1072 Pa·

208 1103 317 1153 natur
337 1087 402 1150 haec
424 1084 586 1170 disciplini
614 1086 831 1150 ‘Graecorum
874 1088 939 1152 Sed
960 1089 1072 1167 virtus,
1099 1090 1266 1173 vigilantia,
1287 1092 1392 1174 labos,

207 1175 292 1257 apud
308 1175 434 1237 Graeeos
449 1171 533 1236 nulla
547 1185 630 1234 sunt.
673 1170 812 1256 Quippe,
826 1173 902 1236 cium
916 1173 1004 1238 domi
1022 1176 1199 1238 libertatem
1218 1197 1313 1256 susm,
1325 1198 1391 1260 per

206 1261 353 1324 inertiam
378 1255 560 1330 amiserint;
590 1278 738 1320 censesne
762 1279 872 1322 eorum
895 1261 1056 1344 praeceptis
1085 1261 1253 1344 imperium
1279 1263 1391 1328 haberi

203 1346 320 1430 posse?
343 1343 471 1427 Reliqui
493 1344 533 1406 de
548 1341 681 1406 factione
703 1358 777 1406 sunt
796 1344 978 1408 inertissimi
998 1347 1137 1421 nobiles;
1159 1347 1192 1409 in
1207 1349 1331 1430 quibus,
1344 1348 1390 1412 si·

207 1447 262 1496 cut
276 1432 308 1494 iu
323 1433 433 1506 statui,
448 1443 560 1513 praeter
574 1449 700 1503 nomen,
713 1428 791 1491 nihil
805 1445 853 1492 est
868 1431 1083 1496 additamenti.
1113 1433 1156 1495 L.
1173 1432 1390 1513 Posthumius,

206 1531 238 1581 et
254 1516 307 1579 Μ.
321 1515 491 1593 Favonius,
502 1514 579 1576 mihi
593 1515 740 1577 videntur
754 1516 843 1597 quasi
860 1535 980 1598 magnae
991 1519 1079 1581 navis
1090 1539 1281 1602 supervacua
1292 1539 1390 1585 onera

205 1619 287 1680 esse,
301 1601 355 1665 ubi
368 1599 446 1662 salvi
461 1599 622 1683 pervenire
635 1597 716 1660 “visi
731 1613 823 1673 suut;
840 1600 868 1663 si
884 1603 961 1684 quid
978 1603 1096 1666 adversi
1112 1617 1253 1667 coortum
1269 1619 1327 1680 cst,
1342 1605 1390 1670 de

118 1719 121 1724 ·
202 1687 267 1752 illis
288 1683 488 1769 potissimirm
510 1682 648 1766 ‘jactura
670 1683 716 1759 fit,
743 1685 818 1766 quia
839 1687 931 1769 pretii
951 1688 1070 1750 minimi
1095 1703 1177 1750 sunt.
1220 1687 1390 1762 Quoniam

204 1789 299 1841 nunc,
313 1766 361 1833 uti
376 1767 455 1832 mihi
471 1768 592 1844 videor,
603 1769 644 1832 de
659 1770 748 1852 plebe
762 1772 951 1847 reuerendi,
964 1773 1218 1856 corrigendique,
1231 1775 1388 1838 disserui:

204 1855 246 1921 de
261 1870 381 1932 senatu,
396 1875 464 1937 quae
479 1853 537 1917 tibi
557 1854 678 1938 agenda
691 1855 849 1932 videntur,
863 1857 978 1920 dicam.
1025 1858 1195 1941 Postquam
1214 1857 1292 1925 milti
1310 1874 1389 1926 aetas

204 1943 429 2026 ingeniumque
451 1940 588 2004 adolevit
609 1939 694 2002 haud
708 1938 808 2002 sermd
824 1943 931 2020 armis,
945 1959 1039 2026 atque
1055 1945 1155 2026 equis,
1170 1965 1281 2027 corpus
1296 1966 1387 2008 exer·

203 2031 269 2102 cui,
282 2028 339 2090 scd
361 2028 501 2089 animum
521 2026 554 2087 in
574 2024 673 2088 literis
694 2027 829 2109 agitari:
853 2029 939 2110 quod
953 2032 1063 2094 naturi
1079 2031 1198 2093 firmius
1212 2045 1286 2105 erat,
1301 2031 1333 2092 id
1350 2031 1387 2095 in

203 2115 361 2178 laboribus
375 2110 481 2174 habui.
526 2111 636 2193 Atque
655 2131 716 2194 ego
738 2112 770 2174 in
785 2115 821 2174 eai
835 2113 898 2176 viti
914 2115 1011 2177 multa
1024 2115 1170 2197 legendo,
1184 2131 1272 2197 atque
1290 2116 1384 2178 audi·

203 2201 298 2276 endo,
309 2199 353 2262 ita
374 2194 512 2279 comperi
522 2218 533 2268 3
555 2195 660 2259 omnia
680 2217 776 2280 regna
795 2197 948 2277 civitates,
961 2200 1114 2278 nationes,
1128 2201 1279 2286 usquc'ed
1295 2221 1386 2284 pros*

202 2305 314 2370 perum
334 2282 502 2366 imperium
522 2281 678 2359 habuisse,
694 2281 770 2345 dum
793 2284 877 2367 apud
898 2286 951 2366 eo‘s
966 2306 1040 2348 vem
1060 2288 1191 2350 consilis
1203 2287 1387 2350 valuerunte

201 2372 392 2454 ubicumque
413 2367 524 2452 gratia,
537 2368 643 2443 timor,
657 2367 810 2451 voluptas,
825 2391 862 2432 ea
883 2372 1064 2453 corrupere,
1079 2387 1150 2454 post
1167 2375 1259 2456 paulo
1278 2373 1386 2434 immi-

200 2471 284 2520 nutae
299 2475 385 2538 opes,
401 2453 516 2519 deinde,
530 2454 712 2536 ademptum
728 2454 1075 2538 imperium‚postremd
1092 2459 1226 2520 servitus
1241 2457 1389 2540 imposita

201 2557 262 2606 est.
306 2539 466 2623 Equidem
488 2557 549 2620 ego
566 2538 612 2601 sic
627 2539 710 2622 apud
725 2541 865 2604 animum
882 2561 988 2604 meum
1004 2556 1124 2616 statum
1147 2543 1333 2625 cuicumque
1348 2544 1386 2608 in

199 2631 258 2693 sui
278 2627 404 2692 civitate
419 2623 561 2710 amplior,
576 2623 785 2707 illustriorque
805 2627 904 2701 locus,
919 2623 1013 2710 quim
1034 2629 1102 2690 aliis
1119 2643 1178 2705 est,
1191 2630 1221 2692 ei
1236 2649 1385 2712 magnam

201 2734 309 2778 cutam
320 2733 388 2775 esse
398 2711 477 2794 reip.
522 2711 609 2773 Nam
620 2710 741 2773 caeteris
756 2713 839 2774 salvi
854 2713 941 2789 urbe,
951 2715 1169 2776 tautummodo
1179 2713 1302 2781 libertas
1315 2728 1386 2778 tum

200 2814 269 2862 est:
285 2798 340 2879 qui
355 2816 412 2880 per
425 2797 575 2859 virtutem
589 2795 647 2858 sibi
664 2793 802 2871 divitias,
816 2799 923 2876 decus,
936 2795 1098 2877 honorem,
1108 2815 1310 2883 pepererunt;
1323 2800 1385 2862 ubi

198 2882 332 2970 paullini
354 2880 498 2944 inclinata
519 2901 599 2964 resp.
621 2881 733 2964 agitari
748 2883 849 2964 coepit,
863 2882 1076 2965 multipliciter
1089 2884 1214 2948 animus
1226 2886 1317 2962 curis,
1331 2900 1384 2948 at·

200 2991 263 3054 que
284 2967 451 3043 laboribus,
465 2965 634 3050 fatigatum
657 2982 712 3030 aut
732 2967 876 3049 gloriam,
895 2983 949 3032 aut
968 2969 1154 3046 libertatern,
1169 2984 1224 3034 aut
1243 2991 1310 3033 rem
1330 2967 1383 3035 fa,-

197 3056 354 3120 miliarem
370 3051 531 3124 defensat;
553 3053 698 3116 omnibus
717 3052 794 3114 loeis
816 3054 915 3130 adest,
929 3053 1071 3129 festinan
1093 3070 1210 3138 quanto
1223 3055 1255 3117 in
1269 3076 1383 3118 secun·

200 3141 252 3205 dis
265 3141 358 3202 rebus
373 3137 531 3200 florentior
545 3135 606 3200 suit
619 3151 705 3199 tanto
724 3137 757 3199 iu
776 3139 917 3201 adversis
932 3139 1085 3223 asperius,
1099 3137 1264 3223 magisque
1281 3137 1384 3204 anxie

199 3226 307 3308 agitat.
352 3223 456 3306 igitur
468 3223 522 3288 ubi
537 3222 642 3305 plebes
658 3222 790 3299 senatui,
806 3223 898 3288 sicuti
909 3245 1021 3308 corpus
1037 3227 1152 3303 animo,
1163 3226 1277 3302 obedit,
1292 3230 1384 3310 ejus-

199 3331 263 3394 que
273 3308 401 3372 consilia
415 3309 633 3389 consequitur3
647 3323 751 3390 patres
767 3309 897 3371 consilio
910 3311 1014 3375 valere
1028 3311 1128 3387 decet,
1143 3314 1256 3395 populo
1270 3333 1386 3394 super·

197 3416 333 3462 vacanea
348 3407 395 3456 est
410 3393 571 3456 calliditas.
617 3392 727 3479 itaque
743 3394 877 3479 majores
892 3398 1002 3473 nostri,
1016 3395 1091 3460 citur
1102 3398 1191 3458 bellis
1199 3398 1384 3479 asperrimis

196 3494 424 3566 premerentur,
434 3479 535 3561 equis,
549 3478 637 3558 viris,
650 3480 781 3562 pecunia
795 3480 919 3558 amissi,
932 3501 1092 3564 nunquam
1106 3482 1220 3544 defessi
1242 3496 1315 3545 sunt
1331 3503 1386 3545 ar·

196 3567 274 3630 mati
288 3568 329 3630 de
344 3565 476 3652 imperio
491 3578 620 3630 certare.
665 3563 700 3627 N
701 3584 741 3628 nu
758 3565 862 3648 inopia
882 3567 994 3648 aerarii,
1009 3587 1071 3631 nou
1086 3567 1133 3633 vis
1148 3567 1298 3648 hostium,
1312 3587 1381 3635 uon

730 3823 846 3875 NOTAE.

229 4037 246 4070 a
259 4017 408 4078 Fortitudo]
420 4019 503 4068 Iresia
512 4025 560 4070 est.
795 4017 895 4079 Carrio,
906 4018 986 4071 habet
995 4025 1037 4071 uer·
1052 4032 1117 4082 rant,
1129 4034 1178 4086 pro
1189 4035 1241 4087 quo
1251 4021 1386 4074 Vaticani

227 4081 376 4150 bDnma'tii]
390 4083 527 4135 AEnnbarbi
540 4081 775 4148 uomine,quic0u·
797 4087 908 4151 corrigit
930 4092 987 4138 aeui
1009 4100 1084 4137 sunt:
1109 4089 1215 4152 Lipsius
1240 4089 1385 4155 ingeniosi

195 4153 236 4205 sul
248 4161 308 4202 ante
321 4152 423 4216 aliquot
434 4165 512 4200 anuos
524 4149 618 4201 fueret.
796 4149 857 4201 sane
869 4152 1024 4219 conjectori
1035 4155 1140 4220 reponit
1152 4158 1204 4205 oiri
1214 4166 1280 4206 aunt.
1299 4155 1384 4207 Forte

229 4235 245 4269 c
262 4215 422 4280 Graecorum]
433 4214 510 4267 Certe
523 4231 573 4268 uon
583 4219 621 4266 ita
630 4215 665 4266 de
678 4215 775 4266 Sallus·
796 4218 1030 4271 nihiimutundum.
1131 4253 1133 4258 -

194 4286 233 4338 tio
245 4287 339 4336 merita
349 4293 408 4336 erat
417 4282 524 4333 Graecis.
804 4305 808 4310 ·
828 4301 842 4334 e
852 4289 960 4337 Jacturo
963 4286 1023 4356 fit]
1036 4287 1067 4341 ul
1078 4297 1129 4351 est,
1140 4293 1165 4340 ia
1172 4288 1326 4354 profundum
1338 4291 1382 4344 ab-

229 4351 310 4404 dVisi
320 4349 399 4416 mna]
417 4353 502 4404 Vetus
512 4348 607 4413 editio,
617 4355 648 4402 ut
658 4354 774 4404 testetur
790 4354 921 4418 ficiuntur,
