3034 5054
209 323 272 382 2³6
613 310 684 376 AD
699 309 739 376 C·
755 305 988 378 effluunt

211 499 307 568 atque
321 481 420 546 infido
433 482 538 544 animo
551 500 638 554 eam
651 482 693 546 de
704 481 758 544 Μ.
773 481 870 546 Livio
885 483 993 546 Druso
1002 477 1108 564 juxta,
1117 500 1154 544 ac
1169 481 1210 544 de
1224 501 1270 562 se,
1284 484 1403 546 existi-¹

212 583 389 634 uraverunt.
426 568 538 650 ltaque
552 581 650 638 metu,
663 589 702 629 nc
714 589 772 650 per
783 583 899 630 tantam
914 568 1045 650 gratiam
1061 568 1146 628 solus
1161 588 1266 630 rerum
1277 571 1394 652 potire-

212 671 275 728 tur,
300 651 430 718 ²contri
452 673 521 715 eam
542 652 621 730 nixi,
646 651 722 715 l‘sua
743 653 841 735 ipsius
862 653 990 716 consilia
1006 652 1269 715 disturbaverunt.
1314 653 1393 727 Qut>
1431 691 1433 696 .

213 741 283 814 tibi,
297 741 476 822 imperator,
493 736 612 821 majore
638 741 710 800 curi
732 739 858 820 fideque
880 725 986 812 affrici,
999 752 1032 800 rt
1056 739 1154 800 multa
1174 739 1317 822 praesidia
1338 759 1397 820 pa·

211 826 311 890 rands
332 838 414 886 sunt.
457 822 592 884 Hostem
618 824 785 886 adversum
807 823 995 907 opprimere,
1018 838 1147 886 snenuo
1166 823 1283 885 bomini
1307 823 1396 885 bsud

213 911 338 974 difficile
360 923 429 982 est;
452 909 572 972 occulta
594 909 731 985 pericula
751 929 854 990 neque
874 907 1105 989 fatemurque
1125 909 1231 984 vitare,
1245 909 1336 971 bonis
1360 909 1394 969 in

212 1009 358 1079 promptu
373 1008 432 1056 est.
476 993 589 1074 Igitur,
603 993 657 1055 ubi
671 1015 726 1056 eos
746 994 778 1055 in
792 995 950 1056 civitatem
965 993 1147 1067 adduxeris,
1162 993 1303 1076 quoniam
1321 994 1394 1076 qui·

212 1082 288 1144 dem
302 1091 447 1142 revocate
467 1078 571 1161 plebes
586 1079 656 1152 erit,
671 1079 753 1140 inei
769 1101 804 1142 re
819 1076 960 1142 maxime
978 1079 1118 1140 animum
1138 1079 1325 1152 exercitatio,
1342 1075 1394 1141 uti

213 1166 354 1228 colantur
377 1163 449 1226 boni
474 1183 595 1238 morem
616 1165 783 1226 concordis
804 1165 886 1228 inter
905 1177 1028 1228 veteres
1050 1179 1082 1226 et
1106 1183 1204 1226 noros
1230 1164 1394 1226 coalescet.

213 1251 278 1314 Sed
294 1247 393 1312 multd
414 1248 588 1310 maximum
603 1249 719 1311 bonum
741 1250 858 1331 patriae,
872 1250 1006 1321 civibus,
1020 1249 1089 1324 tibi,
1102 1247 1219 1325 liberis,
1232 1247 1393 1330 postremi)

212 1335 355 1399 humanae
380 1334 477 1416 genti,
497 1336 674 1416 pepereris;
700 1335 727 1396 si
748 1335 889 1397 studium
910 1333 1048 1416 pecuniae
1069 1349 1123 1396 aut
1142 1333 1315 1407 sustuleris,
1330 1347 1397 1410 aut,

212 1423 319 1504 quoad
334 1442 384 1482 res
398 1419 488 1494 feret,
503 1419 665 1480 minueris.
703 1419 810 1480 Aliter
822 1439 924 1498 neque
938 1419 1059 1498 privata
1070 1440 1131 1490 res,
1144 1439 1246 1500 neque
1258 1417 1395 1500 publica,

211 1528 315 1588 neque
328 1505 426 1578 domi,
438 1525 538 1584 neque
554 1503 683 1578 militiae,
693 1504 760 1584 regi
776 1517 887 1585 potest.
912 1502 998 1564 Nam
1014 1502 1066 1566 ubi
1082 1502 1198 1584 cupido
1208 1503 1398 1564 divitiarum

212 1590 339 1663 invasit,
353 1608 453 1669 neque
474 1587 647 1668 disciplina,
659 1609 761 1668 neque
783 1602 865 1648 artes
886 1587 985 1662 bonae,
998 1607 1096 1668 neque
1114 1588 1275 1669 ingenium
1292 1589 1397 1650 ullum

212 1672 291 1740 satis
307 1673 417 1754 pollet;
433 1671 508 1750 quin
520 1671 642 1732 animus
657 1668 771 1752 magis,
782 1687 836 1734 aut
851 1671 957 1734 mimis
971 1669 1268 1753 maurimontem&
1283 1685 1397 1734 tamen

212 1755 400 1822 succumbit.
443 1751 531 1837 Saepe
542 1755 610 1838 jam
627 1756 746 1829 audivi,
767 1757 821 1838 qui
836 1778 938 1838 reges,
951 1777 1021 1838 quae
1035 1757 1174 1819 civitates
1190 1770 1223 1817 et
1241 1757 1397 1832 nationes,

211 1863 270 1928 per
284 1839 472 1924 opulentiam
493 1860 607 1922 magna
621 1841 752 1923 imperia
767 1842 947 1915 amiserint;
970 1863 1038 1923 quae
1053 1863 1109 1925 per
1123 1841 1270 1903 virtutem
1286 1842 1396 1924 inopes

212 1943 368 2011 ceperant.
413 1925 454 1988 ld
468 1924 548 1988 aded
563 1926 648 1988 haud
670 1927 847 1990 mirandum
866 1943 925 1988 est.
971 1928 1058 1990 Nam
1073 1926 1126 1989 ubi
1145 1927 1245 1988 bonus
1258 1927 1394 1989 deterio-

212 2035 282 2078 rem
297 2012 417 2075 divitiis
427 2007 530 2093 magis
541 2011 672 2084 clarum,
683 2007 848 2093 magisque
859 2026 1021 2094 acceptum
1033 2013 1140 2084 videt;
1155 2011 1256 2094 primo
1271 2027 1394 2088 aestuat,
1499 2015 1500 2030 ¹

211 2099 373 2180 multaque
389 2097 422 2160 iu
435 2111 559 2179 pectore
571 2097 686 2160 volvit:
710 2099 767 2158 sed
782 2098 835 2159 ubi
850 2098 971 2179 cgloria
984 2093 1248 2180 bonoremmagis
1263 2097 1295 2159 in
1310 2098 1392 2174 dies,

212 2187 362 2246 virtutem
388 2180 545 2264 opulentia
569 2181 682 2250 vineitr
705 2180 827 2246 animus
852 2184 893 2246 ad
915 2183 1108 2263 voluptatem
1132 2179 1150 2242 ὲ
1177 2203 1250 2245 vero
1275 2183 1394 2246 debuit.
1499 2245 1500 2270 ,

215 2269 342 2351 Quippe
353 2266 473 2349 dgloriis
481 2267 635 2329 industria
645 2267 758 2340 alitur3
770 2267 825 2330 ubi
837 2287 906 2330 earn
916 2269 1101 2349 dempseris,
1110 2269 1176 2350 ipss
1185 2289 1240 2348 per
1249 2289 1283 2330 se
1295 2269 1395 2331 virtus
1499 2277 1500 2292 ¹

213 2375 331 2428 amara,
346 2367 438 2434 atque
454 2372 562 2434 aspera
578 2366 637 2414 est.
669 2352 834 2416 Postremi>
849 2356 922 2416 eubi
938 2354 1161 2416 divitie-clare
1175 2353 1333 2430 habentur,
1348 2355 1393 2416 ibi

212 2437 320 2501 omnia
338 2438 419 2500 bona
432 2437 508 2500 vilia
530 2451 622 2510 sunt;
644 2438 733 2512 fides,
748 2439 896 2521 probitas,
911 2439 1023 2521 pudor,
1037 2439 1198 2523 pudicitia.
1243 2439 1328 2500 Nam
1347 2440 1392 2502 ad

211 2524 363 2586 virtutem
384 2521 475 2596 luna,
488 2535 520 2584 et
540 2524 638 2585 ardua
652 2525 703 2586 via
725 2539 791 2596 est;
813 2526 854 2586 ad
876 2524 1050 2608 pecuniam,
1074 2526 1154 2606 ¹qui
1169 2526 1284 2606 cuique
1306 2525 1392 2588 lubet

212 2609 325 2672 nititur
337 2635 346 2682 ς
369 2622 400 2670 et
414 2609 516 2684 malis,
528 2623 560 2670 et
574 2609 663 2670 bonis
677 2609 771 2671 rebus
785 2630 822 2672 ea
837 2624 969 2672 creatur.
1014 2608 1104 2692 Ergd
1119 2610 1151 2671 iu
1166 2611 1276 2693 primis
1290 2624 1391 2675 aucto-
1498 2617 1499 2624 ’

212 2694 337 2758 ritatem
359 2694 497 2776 pecuniae
519 2693 667 2755 demitto:
690 2705 815 2778 ‘neque
830 2695 871 2758 de
892 2695 1004 2777 capite,
1018 2717 1119 2776 neque
1139 2695 1268 2772 honore,
1283 2717 1323 2758 ex
1341 2717 1393 2758 co-

213 2779 275 2867 piis
290 2780 456 2870 quisquam
467 2773 581 2860 magis,
590 2794 644 2842 aut
659 2778 776 2854 minus,
779 2779 971 2864 judicaverit
980 2806 991 2856 3
1007 2781 1146 2866 sineque
1160 2795 1283 2866 praetor,
1290 2803 1388 2870 noque

660 2993 958 3060 rurnnrnurnrm.

362 3183 528 3272 ¹Quisque
543 3187 657 3250 nititur
670 3186 881 3270 adpecanz'am
896 3188 946 3254 visi
961 3192 1024 3276 quei
1039 3189 1145 3276 cuique
1157 3192 1247 3258 lubet.

744 3375 859 3432 NOTAE.

250 3543 266 3576 s
286 3526 378 3576 Corrtrd
400 3522 475 3587 eam]
497 3522 622 3591 Adeoque
645 3525 796 3590 reipublicae
818 3527 954 3592 probatum
968 3533 1020 3590 est,
1032 3536 1062 3579 ut
1072 3529 1187 3582 omnium
1197 3532 1359 3591 seculorum,
1371 3541 1398 3584 et
1495 3559 1496 3566 1

216 3594 262 3706 qui
279 3591 410 3642 benefacit
426 3589 491 3640 illud
508 3593 614 3657 qnoque
628 3591 796 3656 dissimulare
817 3595 900 3650 totius
911 3595 992 3657 orbis,
1001 3598 1136 3648 oraculum
1146 3597 1279 3650 videatur:
1291 3600 1398 3650 interim
1495 3611 1496 3618 ¹

235 3658 311 3714 ebet;
325 3673 357 3706 ne
369 3659 452 3728 ipsius
464 3655 584 3707 beneficii
596 3658 701 3717 invidit,
714 3659 794 3708 etiam
817 3676 848 3710 eo
860 3671 960 3726 spreto,
970 3662 1102 3729 hodieque
1110 3666 1299 3730 propemodum
1309 3681 1397 3718 omnes

216 3723 249 3774 ab
264 3721 555 3786 iisquibusbenefaoit,
569 3724 740 3787 opprimatur.
818 3733 936 3790 pereunt,
1161 3733 1163 3740 ’

252 3788 336 3865 b'Sua
346 3788 446 3852 ipsius]
457 3788 520 3848 Alii,
532 3791 584 3839 Sua
593 3794 719 3854 etipaias:
732 3793 796 3841 Gro-
851 3791 866 3842 l
876 3792 956 3858 Uoc]
980 3798 1015 3847 Et
1030 3794 1102 3846 istud
1113 3797 1324 3850 consideratione
1340 3798 1399 3863 dig-

217 3853 421 3906 novrusmallet.
456 3859 509 3906 Suo
522 3858 634 3918 ipsorum.
668 3853 795 3907 Ceteriim
817 3873 879 3909 num
891 3861 1006 3924 simplex
1019 3869 1063 3912 est
1075 3864 1207 3928 siquidem
1218 3873 1247 3914 et
1258 3865 1400 3928 simplicis-

216 3923 293 3974 locus
310 3919 489 3986 politicorum,
502 3921 524 3972 si
536 3922 604 3972 alius
622 3922 733 3988 uspiam,
744 3938 797 3972 me·
818 3926 884 3975 sima
895 3929 994 3984 virtus;
1013 3935 1093 3996 atque
1106 3932 1131 3979 in
1148 3939 1288 3998 angustum
1306 3932 1343 3982 ita
1356 3947 1401 3981 co-

218 3987 346 4040 ditstione
357 3983 383 4034 di
423 4001 461 4034 us.
818 3999 929 4052 arctata,
942 4000 972 4042 ut
988 4009 1074 4060 neque
1092 3997 1118 4045 in
1135 3997 1210 4058 hanc,
1223 4012 1309 4064 neque
1328 3997 1356 4048 in
1371 3999 1400 4048 il·
1493 4051 1494 4058 ,

251 4071 267 4104 c
284 4055 375 4104 Gloria.
416 4051 500 4104 lnsnis
520 4052 574 4113 illa,
594 4052 796 4122 scilicet,cujus
819 4057 879 4116 lam,
891 4067 995 4122 partem
1004 4060 1147 4113 deflectere
1155 4072 1243 4130 quest.

218 4119 414 4172 fundamentum
427 4129 530 4169 nonest
542 4121 634 4196 virtus..
851 4139 870 4189 g
882 4127 973 4188 Neque
984 4132 1014 4180 de
1026 4128 1128 4192 capite]
1145 4131 1176 4179 ld
1186 4137 1238 4190 est,
1249 4133 1332 4181 nullus
1343 4133 1401 4196 dig·

253 4185 271 4235 d
287 4184 395 4248 Gloria]
416 4178 468 4233 flio
484 4199 546 4234 vero
563 4187 680 4250 gloriam
696 4201 796 4248 reram,
819 4194 927 4250 nitatem,
946 4197 988 4244 vel
1006 4199 1206 4246 existimassem
1225 4202 1335 4257 auxerit,
1358 4201 1401 4248 vel

220 4261 266 4314 sut
276 4251 421 4316 quemlibet
432 4249 559 4316 intellige.
819 4260 949 4314 minuent·-
961 4261 1029 4324 qudd
1039 4265 1136 4317 divitiis
1144 4274 1239 4326 auctas,
1249 4268 1290 4315 vel
1298 4267 1400 4316 deatitm

253 4331 270 4372 s
285 4316 353 4390 Uti]
363 4316 469 4382 iamdiu
478 4330 560 4391 usque
569 4316 635 4371 sded
647 4318 719 4376 istud
726 4334 797 4376 com.
820 4333 866 4384 eus,
873 4325 962 4392 fuerit.
1377 4353 1380 4357 ·
