3036 5056
221 323 267 411 aa
609 388 612 394 ,
687 304 932 374 sancusrrt

220 469 287 550 sinc
304 497 388 548 metu
403 493 523 545 atatem
539 501 642 562 agere,
658 491 845 562 ceterosque
861 489 875 517 ²
878 481 1007 564 judiciis
1028 495 1155 562 terrere,
1170 481 1257 564 bqud
1274 483 1407 567 plebem

219 572 252 634 in
269 571 450 652 magistratu
470 565 624 650 placidrtis
642 581 817 626 tractarent.
862 566 925 628 Sed
942 567 993 628 ubi
1008 570 1144 650 primbm
1159 581 1172 610 ⁶
1185 571 1296 632 dubiis
1304 571 1408 632 rebus

151 673 153 680 '
201 655 371 719 'novandis
393 675 464 736 spes
486 655 587 714 oblata
607 668 665 725 est,
686 667 775 714 vetus
800 645 981 713 dcertamen
1000 655 1117 718 animos
1137 675 1245 716 eorum
1268 655 1408 729 arrexit,

219 741 306 824 qubd
323 741 349 802 si
364 749 377 778 ⁶
385 741 485 822 primo
496 738 602 820 proelio
614 735 748 798 Catilina
760 738 911 818 superior,
921 753 975 799 aut
986 742 1070 820 aequai
1081 761 1184 815 manu,
1191 740 1408 814 discessisset,

124 865 130 873 ·
218 823 359 910 profectb
370 821 871 905 magnaclades,atquecalamitas
881 823 1102 906 rempublicam
1113 825 1408 906 oppressissetme·

218 935 280 995 que
303 911 374 984 illis,
389 911 443 990 qui
459 909 621 972 victoriam
644 907 748 982 adepti
765 905 877 982 forent,
892 907 1015 972 diutibs
1030 911 1065 970 ea
1081 911 1125 970 uti
1140 910 1296 986 licuisset5
1320 909 1408 991 quin

218 995 388 1060 defessis&
405 993 624 1074 exsanguibus,
638 989 712 1073 squi
728 990 799 1074 plbs
812 1007 926 1074 posset,
938 993 1105 1075 imperium
1117 1009 1206 1074 atque
1220 997 1408 1058 libertatern

217 1096 425 1162 extorqueret.
451 1076 554 1141 Fuere
570 1088 697 1140 gtamen
712 1095 800 1138 extra
815 1078 1060 1160 conjurationem
1077 1080 1260 1161 complures,
1268 1082 1323 1163 qui
1341 1079 1408 1140 ad·

217 1165 384 1228 Catilinam
401 1165 490 1226 initio
505 1163 634 1246 profecti
651 1176 732 1225 sunt.
781 1161 819 1222 ln
832 1161 880 1223 his
897 1182 962 1224 erat
980 1161 1123 1236 Fulvius,
1139 1167 1287 1229 senatoris
1303 1166 1409 1240 filius„

216 1273 310 1334 quem
331 1266 498 1314 retractum
515 1271 556 1311 ex
575 1249 683 1310 itinere
700 1267 810 1330 parens
826 1249 928 1308 necari
942 1243 1070 1330 hjussit.
1115 1249 1235 1336 lisdem
1250 1249 1407 1334 tempori·

215 1339 273 1400 bus
290 1335 398 1397 Romae
417 1335 580 1410 Lentulus,
595 1333 686 1396 sicuti
709 1333 843 1394 Catilina
859 1351 1055 1415 praeceperat,
1068 1355 1284 1417 quoscumque
1304 1337 1405 1396 mori·

215 1423 285 1499 bus,
300 1437 355 1484 aut
369 1418 377 1458 ¹
390 1419 523 1495 sonunt,
537 1421 627 1482 novis
644 1421 736 1482 rebus
757 1419 886 1480 idoneos
903 1419 1059 1496 credebat,
1074 1437 1127 1482 aut
1139 1441 1195 1501 per
1210 1443 1255 1496 se,
1271 1435 1324 1482 aut
1343 1441 1405 1502 per

215 1509 304 1584 alios,
319 1507 521 1586 sollicitabat;
537 1527 637 1586 neque
653 1506 755 1568 solum
771 1504 867 1579 cives,
880 1505 936 1565 sed
952 1505 1181 1587 cujuscumque
1197 1506 1284 1568 modi
1300 1527 1403 1588 genus

214 1593 390 1668 hominum,
406 1593 491 1672 quod
507 1592 602 1652 modo
618 1592 687 1653 usui
704 1589 784 1650 bello
796 1587 887 1650 foret.
922 1590 1023 1670 Igitur
1040 1591 1077 1650 Ρ.
1091 1589 1405 1656 Umbrenocuidam

213 1678 375 1760 negotium
391 1677 456 1751 dat,
471 1677 516 1738 uti
532 1679 649 1762 legatos
662 1673 678 1713 k
689 1674 896 1754 Allobrogum
913 1672 1087 1765 ¹requiratr
1103 1695 1234 1756 eosque,
1247 1678 1273 1739 si
1289 1677 1403 1758 possit,

214 1763 353 1845 impellat
382 1763 423 1824 ad
451 1767 631 1824 societatem
662 1759 752 1821 beili:
784 1759 966 1823 existimans
991 1771 1013 1797 ¹¹¹
1028 1758 1164 1841 publice,
1189 1761 1402 1844 privatimque

213 1869 273 1910 aere
296 1849 396 1911 alieno
418 1867 593 1930 oppressos,
608 1861 756 1928 praeterea
777 1841 865 1923 qubd
887 1848 995 1908 natura
1017 1867 1093 1925 gens
1114 1846 1236 1908 Gallica
1252 1847 1402 1912 bellicosa

214 1949 307 2010 esset,
322 1932 412 1994 facile
424 1934 465 1994 ad
475 1933 538 1994 tale·
548 1931 714 1994 consilium
727 1928 841 1992 adduci
854 1950 955 2008 posse.
980 1929 1172 2006 Umbrenus,
1181 1931 1270 2013 qudd
1279 1933 1312 1994 in
1322 1933 1400 1995 Gal-

213 2018 254 2080 lia
270 2019 446 2100 negotiatus
459 2033 536 2092 erat,
551 2017 707 2099 plerisque
722 2013 913 2098 principibus
929 2017 1091 2078 civitatum
1107 2033 1199 2078 nutus
1212 2033 1289 2092 crat,
1302 2031 1419 2102 atquo.¹

212 2123 269 2166 eos
284 2119 430 2165 noverat:
448 2105 552 2183 itaque
568 2104 635 2164 sine
651 2103 747 2174 mora,
759 2097 812 2160 ubi
828 2099 968 2179 primbm
983 2103 1101 2184 legatos
1116 2101 1148 2164 in
1160 2101 1229 2164 loro
1244 2123 1401 2186 conspex-

144 2236 146 2248 ,
213 2189 249 2264 it,
262 2203 476 2271 percunctatus
489 2207 586 2269 pauca
597 2187 637 2248 de
648 2199 731 2247 statu
746 2183 891 2260 civitatis,
906 2185 933 2245 br
950 2187 1036 2268 quasi
1050 2188 1158 2249 dolens
1174 2188 1242 2270 ejus
1254 2198 1400 2263 ncasum,

213 2274 372 2354 requirere
400 2274 499 2356 clepit,
521 2291 616 2354 quem
638 2271 759 2334 exitum
781 2281 874 2333 tantis
898 2271 986 2334 malis
1008 2289 1177 2356 sperarent.
1222 2271 1397 2356 Postquam

747 2537 861 2588 No'rAE.

244 2745 261 2780 a
272 2728 402 2794 miella]
417 2731 657 2782 corrdemnartaetm
671 2740 715 2780 aut
726 2732 791 2782 certe
813 2733 878 2781 bunc
891 2727 1243 2798 conjuratoremextausu
1252 2729 1398 2796 republica,

211 2813 294 2846 earnm
302 2801 419 2862 periculo.
814 2802 912 2848 nudum
925 2801 1033 2864 regibus
1046 2800 1067 2848 a
1080 2797 1180 2848 exteris
1193 2797 1311 2848 hostibus
1324 2798 1397 2849 latus

243 2861 329 2922 boul
338 2859 453 2928 plebem]
480 2865 566 2912 Locus
581 2863 718 2912 obscurus.
747 2863 791 2914 Sic
814 2867 968 2930 porrigeret.
1327 2887 1331 2894 ·

209 2927 336 2995 intelligo.
371 2929 462 2988 Pauci,
472 2932 520 2996 qui
534 2931 622 2980 omnia
639 2931 673 2980 ad
688 2931 791 2982 libitum
847 2931 988 2998 stamen]
1000 2930 1133 2982 Transitio
1145 2935 1194 2982 est.

208 2993 387 3056 inflectebant,
395 2995 675 3062 tribunospraesertim‚
679 2995 791 3062 judiciis
846 2997 977 3062 blaecca]
1001 3001 1092 3048 Patria
1107 3004 1246 3062 potestate,
1257 3013 1316 3064 quae
1328 2995 1397 3046 anti·

210 3065 233 3111 s
245 3065 501 3114 condemnationibus
515 3066 657 3124 terrebant,
669 3076 697 3112 ut
707 3079 739 3114 ne
752 3065 792 3114 illi
813 3065 873 3130 quis
890 3067 1053 3130 temporibus
1071 3067 1186 3114 maxima
1199 3067 1300 3116 eratin
1316 3064 1397 3124 lilios,

208 3130 313 3192 plebem
332 3132 505 3197 exagitarent.
520 3133 568 3182 sed
586 3146 643 3182 eam
660 3132 790 3196 placidam
814 3141 844 3182 ut
855 3132 937 3198 major
953 3142 1026 3182 esset
1038 3131 1117 3197 quaint
1129 3148 1154 3180 m
1167 3147 1270 3182 servos:
1288 3132 1395 3184 tametsi

210 3195 431 3262 &obsequentem
445 3198 588 3248 efficerent.
814 3208 905 3262 postea
916 3199 950 3248 de
964 3199 1051 3264 rigore
1064 3205 1138 3247 tanto
1151 3197 1184 3248 ed
1198 3211 1283 3264 usquc
1291 3197 1396 3246 detrac-

243 3277 259 3312 c
271 3263 386 3326 Debita]
397 3267 567 3322 Setlt'te'nm'bm,
577 3263 674 3329 quibus
683 3264 790 3330 respub·
813 3276 866 3314 tum
884 3275 934 3324 est,
947 3274 976 3314 nt
988 3273 1077 3346 patres
1089 3263 1157 3314 lilios
1169 3276 1337 3314 contumaces
1350 3263 1396 3330 ju-

207 3327 296 3380 licai'n
309 3330 389 3380 dubio
403 3335 424 3380 bc
440 3333 594 3381 discrimine
606 3332 723 3395 ponitur,
734 3331 791 3395 qul·
811 3331 875 3393 dici,
888 3333 935 3397 qui
947 3329 1002 3382 lere
1014 3347 1049 3382 ex
1063 3347 1154 3380 eorum
1172 3333 1326 3398 praescripto
1343 3345 1396 3396 poe·

208 3396 311 3460 busque
324 3413 371 3462 pro
386 3399 494 3462 imperio
513 3398 550 3446 ita
565 3409 694 3454 certatur,
707 3409 736 3450 ut
747 3413 790 3464 pe-
812 3415 858 3447 nas
876 3398 1017 3464 infligeret,
1030 3395 1163 3448 offerrent.
1325 3409 1331 3416 ’

207 3461 256 3512 nds
264 3479 332 3528 quos
341 3463 463 3514 futurum
474 3465 515 3524 sit,
527 3466 612 3513 lateat.
844 3465 993 3526 iFortandJ
1003 3465 1119 3513 Adversa
1131 3463 1235 3514 scilicet
1247 3463 1394 3530 &duriore

241 3529 426 3593 deerrarunt]
447 3533 518 3588 atros
538 3531 662 3594 patricios
681 3531 748 3582 iuter
767 3531 789 3578 bt
843 3527 1051 3595 kuuotrogum]
1064 3529 1158 3592 Populi
1171 3527 1335 3580 erant'lacds
1348 3533 1396 3579 Lc-

206 3593 311 3657 plebem
324 3615 370 3662 per
378 3600 497 3648 tribunos
510 3599 697 3649 intercedebat.
813 3601 878 3647 mani
891 3599 983 3648 accolae
994 3598 1015 3644 br
1028 3596 1156 3654 Rhodani.
1181 3599 1231 3648 Lea
1243 3599 1393 3660 Suaoyardt,

241 3665 375 3727 ePri'mo]
389 3671 456 3717 Cave
469 3665 530 3716 binc
540 3666 685 3716 concludas
694 3663 788 3727 saepius
812 3667 846 3714 ler
857 3665 1019 3730 Dauplu'noir,
1032 3665 1059 3712 tr
1072 3663 1248 3714 lee‘Bretemn.

207 3741 268 3776 curn
277 3731 393 3781 catilina
405 3734 523 3797 prolium
532 3732 702 3782 commissum
713 3746 788 3781 ease:
845 3733 854 3780 l
866 3727 1012 3793 Recurrat]
1030 3729 1062 3779 ld
1078 3737 1130 3788 eal,
1146 3739 1242 3790 querat
1260 3729 1353 3788 cedtrlrl,
1365 3729 1394 3778 Β

207 3797 291 3845 semel
301 3795 370 3848 enim
385 3800 406 3846 a
421 3799 447 3850 in
466 3810 621 3863 perpetuum
634 3797 712 3846 armis
728 3812 788 3846 cum
811 3801 911 3850 adtolli
927 3802 1063 3848 societatem
1077 3799 1194 3850 adducat.
1224 3795 1289 3845 Gall.
1317 3796 1363 3852 Qu’
1375 3798 1398 3844 il

206 3859 266 3924 ipso
276 3871 407 3912 certatum
419 3875 468 3918 est.
502 3866 573 3916 Dicit
585 3861 697 3923 tantiam,
709 3858 791 3914 maxi·
811 3867 844 3913 lec
856 3865 970 3920 cdercddt
981 3869 1180 3928 caigneuecmeut,
1191 3873 1216 3912 et
1227 3863 1266 3926 ρκ’
1277 3863 1298 3909 t'l
1308 3863 1397 3912 tactae

206 3942 279 3976 mum
298 3928 416 3980 futurum
440 3934 597 3996 periculum,
615 3933 638 3980 si
660 3931 789 3994 superior,
812 3935 841 3980 de
853 3934 1004 3996 lergagaert
1176 3986 1180 3994 Α

206 4004 252 4044 aut
270 4001 342 4060 aqua
357 4012 434 4046 manu
451 3999 634 4054 discessisset;
651 3999 715 4062 quia
729 3997 789 4047 scil.
844 4013 869 4047 rn
883 3995 1010 4062 Publica]
1029 4001 1141 4061 Propter
1158 3993 1258 4044 tributa
1276 3993 1298 4041 bt
1312 3993 1395 4044 vecti·

205 4063 321 4124 plurima
331 4063 365 4110 ad
379 4065 463 4126 ipsum
477 4066 666 4131 confugissent
810 4063 882 4128 galia
892 4081 950 4132 que
959 4062 1084 4116 Romania
1099 4061 1243 4114 victoribus
1259 4060 1395 4124 persolve·

240 4125 254 4176 f
268 4131 315 4189 Qut'
329 4128 385 4194 pltlr
398 4127 506 4209 parcet]
525 4133 632 4182 Tertius
644 4129 742 4194 aliquis
753 4144 787 4178 cx
811 4131 880 4181 bant.

137 4205 141 4211 '
206 4197 351 4260 republicri,
365 4200 474 4246 Crassus
487 4196 567 4258 lortb,
579 4199 789 4261 Pompeius,Cae·
843 4213 859 4247 n
875 4188 1071 4260 vatamloubd
1082 4195 1243 4254 itascilicet,
1254 4194 1392 4262 magistra-

207 4275 265 4308 sar:
284 4265 334 4312 nisi
351 4261 462 4328 insuper
479 4271 576 4316 tantam
590 4265 670 4315 luisse
685 4273 788 4326 pestem
810 4273 883 4314 tuum
914 4265 1025 4315 ¹avaritia
1059 4265 1278 4328 opprimerentur.
1326 4261 1390 4316 Gall.

206 4326 346 4384 sallustius
364 4331 505 4384 arbitratus
523 4340 576 4391 est,
589 4339 619 4382 ut
639 4331 720 4388 etiam
740 4346 788 4397 per
809 4333 1014 4398 Plar'gaatrtlem·
1026 4335 1139 4396 mallem
