3070 5034
416 247 617 316 BELLUM
640 249 1019 318 CATILINARIUM.
1261 261 1301 320 39
1392 291 1396 302 ·

103 429 257 502 pettam
263 417 391 486 habebat
402 435 409 484 τ’
422 445 487 488 rem
499 426 539 488 ad
549 439 690 488 senatum
705 434 719 462 ²
731 421 837 498 refert,
844 423 913 508 jam
924 437 1012 488 autea
1024 424 1110 508 vulgi
1124 425 1301 492 rumoribus

104 511 328 590 exagitatam.
353 511 476 592 Itaque,
488 512 574 592 quod
586 512 767 592 plerumque
784 509 816 572 in
828 509 925 572 atroci
936 511 1061 592 negotio
1073 513 1162 584 solet,
1177 529 1303 576 senatus

104 591 281 669 decrevit,
294 593 423 658 1’darer'rt
432 611 558 680 operam
570 596 722 672 consules,
734 617 772 658 ne
785 597 862 678 quid
873 597 1046 678 respublica
1057 596 1237 660 detrimenti
1250 621 1300 660 ca·

103 693 228 758 peret.
262 680 308 742 Ea
324 697 459 762 potestas
475 703 531 762 per
543 697 697 756 senatum,
717 701 804 742 more
822 680 974 757 Romano,
988 682 1185 762 magistratui
1202 681 1301 745 maxi·

103 781 177 838 ma
197 765 394 844 permittitur,
409 767 582 828 exercitum
597 785 717 847 parare,
731 767 846 828 bellum
863 787 982 848 gerere,
996 769 1140 830 coiircere
1153 767 1301 830 omnibus

103 850 230 912 modis
245 853 357 928 socios,
372 858 465 931 atque
481 854 582 913 civesz
598 852 697 927 domi,
711 851 893 932 militiaque
910 851 1088 932 imperium,
1103 869 1197 935 atque
1211 851 1300 936 J'udi·

104 932 209 996 cium
225 951 385 1000 summum
397 937 521 998 habere.
545 937 649 998 Aliter
663 938 730 1000 sine
746 938 851 1018 populi
861 936 966 1020 jussu,
980 939 1055 1000 nulli
1072 959 1178 1001 earum
1194 958 1302 1002 rerum

104 1022 243 1082 consuli
258 1022 311 1106 jus
327 1035 385 1082 est.
409 1021 485 1082 Post
495 1042 609 1103 paucos
620 1021 700 1095 dies,
716 1022 757 1083 L.
770 1020 881 1085 Senius
893 1021 1023 1084 Senator
1035 1023 1065 1086 io
1077 1040 1184 1086 senatu
1197 1023 1301 1086 literas

104 1105 280 1178 recitavit,
296 1125 378 1186 quas*
391 1103 521 1168 Faesulis
534 1107 641 1168 allatas
656 1107 717 1170 sibi
729 1107 869 1180 diceban
885 1108 917 1168 in
933 1107 1046 1192 quibus
1061 1111 1211 1190 scriptum
1224 1123 1301 1184 erat,

106 1187 156 1250 C.
175 1187 342 1254 Manlium
355 1195 568 1274 arrnacepisse
578 1213 651 1254 cum
662 1185 980 1272 magnamultitudine
996 1195 1162 1256 antediem
1175 1195 1217 1256 vi.
1229 1193 1300 1256 Kal.

107 1271 215 1336 Non.
232 1275 345 1346 Simul,
366 1276 421 1337 eid
438 1277 524 1356 quod
539 1275 570 1338 in
586 1276 639 1338 tali
655 1295 689 1336 re
705 1276 797 1352 solet,
818 1273 870 1336 alii
886 1291 1027 1356 portenta
1049 1296 1141 1358 atque
1156 1277 1300 1362 prodigia

104 1360 332 1424 nunciabant:
349 1360 412 1436 alii,
428 1373 598 1423 conventus
611 1359 689 1433 fieri,
705 1381 790 1423 arma
803 1359 928 1444 portari,
942 1357 958 1396 ‘⁵
971 1361 1086 1442 Capua
1102 1376 1194 1442 atque
1211 1363 1241 1424 in
1253 1363 1301 1424 A·

104 1445 210 1526 palia
226 1445 358 1508 eservile
375 1446 489 1508 bellum
504 1449 633 1508 moveri.
661 1445 764 1528 lgitur
778 1441 792 1482 s
801 1445 899 1506 senati
917 1445 1055 1522 decreto,
1070 1443 1113 1520 Q.
1130 1457 1145 1494 ⁸
1159 1445 1303 1510 Marcius

107 1529 197 1592 Rex
206 1528 233 1590 F
236 1529 362 1604 aesulas;
377 1527 420 1604 Q:
431 1529 446 1568 ¹¹
459 1530 609 1594 Metellus
622 1529 766 1594 Creticus
779 1530 810 1592 in
822 1527 985 1612 Apuliam,
997 1531 1178 1614 circumque
1189 1554 1225 1593 ea
1237 1531 1304 1594 loca

109 1614 226 1678 missi.
244 1614 289 1677 Hi
305 1619 429 1698 utrique
445 1617 504 1678 iacl
519 1619 628 1678 urbem
644 1616 847 1698 imperatores
863 1631 950 1678 erant
965 1617 1121 1700 impediti,
1138 1639 1175 1678 nc
1192 1617 1302 1681 trium-

109 1699 267 1782 pharent,
281 1701 437 1764 calumnia
448 1723 631 1784 paucorum,
645 1701 759 1782 quibus
769 1701 873 1764 omnia
885 1701 1025 1778 honesta,
1037 1719 1128 1784 atque
1142 1702 1302 1766 inhonesta

108 1786 260 1848 vendere
279 1806 348 1846 mos
361 1799 438 1848 erat.
472 1787 536 1848 Sed
550 1781 696 1868 praetores
710 1785 757 1859 tl.
775 1787 944 1869 Pompeius
967 1785 1070 1850 Rufus
1088 1789 1242 1868 Capuam,
1257 1787 1301 1864 Q.

109 1867 130 1908 ¹²
155 1869 311 1933 Metellus
329 1871 421 1932 Celer
435 1870 467 1932 in
484 1891 595 1952 agrum
612 1869 785 1934 Picenum:
808 1871 918 1952 hisque
941 1870 1163 1952 ¹permissum,
1185 1876 1229 1935 uti
1246 1895 1305 1956 pro

112 1970 278 2037 tempore,
289 1969 381 2037 atque
394 1957 534 2036 periculo
546 1955 719 2018 exercitum
731 1970 955 2038 compararent.
983 1956 1037 2017 Ad
1048 1956 1118 2028 hoc,
1130 1957 1157 2018 si
1175 1959 1244 2040 quis
1256 1959 1302 2022 in·

116 2042 259 2107 dicasset
275 2042 315 2102 de
325 2043 548 2124 conjuratione,
565 2061 632 2122 quae
645 2055 751 2103 contra
766 2063 864 2122 remp.
877 2041 958 2104 facta
967 2056 1042 2116 erat,
1054 2041 1228 2123 praemium,
1240 2065 1303 2104 ser-

116 2147 164 2188 vo
179 2121 356 2192 libertatem
371 2141 402 2188 ct
418 2137 440 2164 ¹¹¹
451 2125 496 2188 H.
511 2127 544 2188 S.
558 2127 596 2190 C.
611 2127 710 2190 libero
727 2125 945 2210 impunitatem
960 2127 1029 2211 'ejus
1045 2126 1103 2206 rei,
1120 2127 1164 2190 H.
1181 2127 1214 2190 S.
1234 2127 1302 2191 CC.

657 2342 772 2394 XOTAE.

157 2497 294 2564 altessera]
320 2496 435 2563 Referre,
444 2506 486 2550 est
497 2511 546 2550 rem
557 2491 700 2562 agitantium
725 2491 806 2557 runis,
823 2491 937 2547 Galliam
958 2495 1007 2561 ipsi
1026 2498 1193 2560 destinatam,
1211 2497 1259 2552 ard
1277 2499 1303 2550 in

121 2565 152 2614 in
164 2578 250 2616 renutu
257 2575 399 2632 proponere.
726 2564 851 2614 concinne
863 2564 1020 2628 depositam,
1030 2565 1222 2616 administravit
1230 2588 1236 2623 ς
1244 2582 1304 2616 con·

158 2630 174 2680 b
187 2635 286 2682 Daren:
299 2629 420 2697 opernm]
430 2633 478 2681 llis
490 2631 576 2682 verbis
589 2629 702 2679 solenni·
726 2630 768 2680 sul
780 2629 831 2680 suit
843 2641 935 2694 postea
946 2647 1007 2680 cum
1024 2631 1138 2688 Afranio,

121 2695 183 2758 bus,
195 2713 324 2750 summum
337 2699 485 2764 imperium,
497 2709 525 2748 et
536 2700 612 2764 quasi
621 2698 701 2747 dicta·
758 2697 768 2746 l
780 2693 953 2760 Permissum]
970 2695 1025 2747 Inui
1037 2705 1066 2747 et
1079 2698 1245 2762 imperatum.

121 2765 219 2815 torium
230 2765 385 2816 consulibus
395 2767 571 2817 deserebatur.
759 2779 784 2814 m
793 2762 823 2812 rt.
834 2762 875 2827 8.]
890 2765 1045 2814 Sestertium
1054 2766 1165 2814 denotat
1176 2766 1231 2816 bac
1240 2765 1306 2832 ligu-

157 2833 231 2882 cld
247 2833 330 2896 quoa]
364 2833 531 2886 Parentltesis
551 2839 600 2882 est.
634 2829 702 2879 Gall.
726 2845 763 2890 ra,
781 2831 858 2900 cujus
876 2835 899 2882 si
915 2832 1108 2882 accurationem
1128 2833 1304 2898 cogrritionem

126 2897 220 2948 comm
231 2899 288 2950 c'ert
302 2903 327 2950 ta
336 2903 444 2952 enutritae
453 2917 482 2952 ert
491 2901 702 2965 repromitterem·
727 2897 821 2948 babere
834 2898 916 2958 voles¹
929 2910 995 2962 opus
1007 2899 1059 2948 erit
1071 2899 1143 2948 atlire
1153 2913 1200 2948 eos
1212 2901 1257 2966 qui
1270 2899 1306 2948 de

122 2975 228 3014 centres.
727 2979 774 3014 are
794 2971 949 3026 tractarunt,
969 2965 1104 3024 Rudteum,
1122 2972 1197 3029 puta,
1214 2968 1308 3014 llotto·
1367 2963 1370 2970 ’

157 3031 178 3081 (1
192 3029 305 3098 capue]
335 3033 403 3084 Urbs
413 3032 463 3083 luit
473 3032 621 3098 Campania
630 3031 703 3081 uobi-
725 3031 995 3096 mnnuum,aliosque:
1008 3033 1182 3100 nequeenim,
1191 3043 1308 3091 qttaecun-

122 3094 224 3148 lissima
237 3104 301 3150 mari
318 3102 454 3167 Tyrrheno
466 3100 606 3166 adjacens:
624 3097 701 3164 cujus
726 3113 778 3162 que
791 3099 823 3147 ab
835 3098 895 3148 aliis
907 3099 972 3150 bene
986 3097 1085 3162 scripta
1097 3105 1169 3156 sunt,
1185 3111 1251 3160 opus
1262 3109 1307 3148 est

122 3165 257 3216 illecebris
267 3175 296 3216 et
310 3167 456 3218 amenitate
469 3181 553 3234 usque
565 3165 631 3216 adesi
643 3181 702 3232 cap·
726 3163 777 3216 huc
787 3166 969 3217 transcribere.
977 3166 1096 3223 Interim,
1107 3181 1138 3213 ne
1148 3165 1253 3214 omnino
1264 3179 1307 3214 va·

123 3241 167 3281 tus
191 3233 313 3295 Annibal,
339 3242 370 3298 ut
386 3235 470 3300 ipsius
488 3233 612 3286 domitrix
630 3231 702 3296 dicta
725 3247 792 3282 caus
805 3232 935 3293 discedas,
945 3229 1071 3298 quanulm
1082 3229 1149 3282 sstls
1158 3239 1226 3290 erat,
1234 3231 1308 3280 dice-

124 3299 215 3350 fuerit.
727 3299 825 3349 musad
837 3297 917 3365 hujus
926 3301 976 3350 loci
990 3299 1199 3365 intelligentiam.
1213 3301 1308 3348 Sester-

157 3384 172 3418 e
188 3367 307 3431 seroib]
328 3369 358 3420 ld
370 3375 422 3427 est,
436 3365 556 3432 quodper
566 3380 648 3418 serem
658 3384 703 3431 ge·
727 3369 784 3426 tius,
796 3373 826 3416 ut
838 3367 944 3432 quidem
952 3365 1075 3430 plurimis
1083 3381 1116 3416 er
1125 3365 1191 3415 locis
1200 3363 1308 3414 collibe-

126 3443 228 3484 reretar.
271 3437 338 3486 Gall.
360 3439 406 3495 ρκ’
423 3453 456 3486 ,ενι
473 3437 565 3485 malou
582 3433 622 3500 d'y
631 3434 702 3499 faire
727 3429 1308 3496 revideor,nummualuitprimciareus,ra-

126 3503 236 3551 sottlrver
248 3505 404 3554 lacessiones.
727 3499 782 3549 lore
794 3498 906 3550 (luorum
927 3495 1025 3548 assium
1040 3513 1100 3548 cum
1122 3498 1241 3554 semisse,
1259 3497 1308 3560 qui

157 3567 172 3618 f
184 3570 294 3632 Senam]
311 3573 361 3620 Pro
376 3571 500 3624 Senottsr
514 3565 553 3616 ita
564 3565 637 3618 olim.
727 3577 819 3631 postea
829 3581 863 3615 ex
875 3573 984 3630 argento
995 3562 1254 3628 conflatusquinque,
1263 3577 1310 3612 aa·

157 3635 327 3702 gMarciar]
337 3637 498 3686 Marciorum
509 3633 646 3684 lentiliaab
654 3636 693 3686 An
729 3633 835 3683 timatus
847 3632 899 3697 fnit
910 3651 916 3680 :
927 3639 1006 3697 atque
1019 3640 1169 3694 utrumque,
1182 3631 1204 3680 si
1214 3630 1247 3680 acl
1255 3643 1309 3681 mo·

126 3699 706 3768 coMaroinquartoRomanorumregededu·
727 3708 895 3751 netanostr‘ae
903 3697 1309 3764 Gallicarationemexigas,pri-

126 3767 486 3821 citur.Hicconsulluitcrtm
494 3767 705 3833 L.Metello‚quo
727 3767 855 3820 ordecem
863 3761 1308 3828 'l'uronensibusdenariolis,paulb

127 3844 275 3898 mortemer
285 3839 371 3902 eoqu'r
380 3836 405 3885 in
415 3836 473 3902 ejus
480 3835 568 3885 locum
578 3829 704 3886 suffectus
729 3833 864 3898 pumma
874 3833 1017 3884 secundum
1027 3829 1091 3879 alios
1099 3832 1309 3896 quatuordecim

127 3903 571 3965 erat,salusMarciusconsulatum
584 3902 676 3968 gessit.
728 3904 861 3965 posterior
870 3898 953 3966 duplo
964 3898 1074 3948 valebat.
1086 3895 1185 3948 Verum
1197 3895 1310 3948 difficul-
1348 3911 1351 3916 ·

157 3971 174 4020 lt
187 3971 323 4034 Metellae]
335 3967 706 4036 eognornenhrbntradevtc-
730 3977 770 4018 tas
783 3967 809 4019 in
828 3985 859 4019 eo
872 3981 923 4015 non
938 3975 989 4026 est,
1001 3960 1061 4016 otim
1075 3965 1172 4030 ubique
1185 3967 1307 4028 prostent
1319 3974 1322 3982 ⁴

128 4037 246 4090 recreta
257 4037 504 4104 postconsulatum.
728 4036 836 4086 Tabula
862 4049 909 4099 pro
938 4041 1101 4084 monetarum
1130 4029 1327 4081 estimatione.-

160 4103 330 4168 tartarum]
343 4107 411 4162 Quia
422 4111 480 4154 ante
489 4102 651 4170 triumphum
663 4119 706 4154 ur·
729 4102 890 4154 Numerandi
903 4102 971 4150 ratio
980 4101 1028 4151 linc
1040 4100 1066 4150 in
1079 4105 1155 4163 parte
1164 4093 1310 4147 obscurita·

129 4170 187 4222 bem
201 4169 294 4223 intrare
305 4189 356 4224 non
365 4179 424 4224 erat
436 4171 545 4228 licitum.
728 4179 782 4220 tem
796 4169 892 4229 attulit,
902 4183 980 4233 quam
993 4175 1081 4218 tamen
1093 4179 1128 4216 ex
1138 4159 1257 4227 pauculis
1268 4173 1322 4211 ae·-

158 4233 304 4292 kMetellos
318 4237 412 4305 Cetea]
432 4239 484 4294 Hio
494 4235 620 4311 beneficio
630 4237 705 4292 Cice·
730 4233 871 4306 (fetentibus
883 4235 971 4292 lineis,
980 4234 1123 4300 intelliges.
1143 4225 1253 4289 Quando
1263 4241 1325 4297 aa..

693 4440 709 4496 ᾗ
748 4466 752 4472 Ι
766 4510 773 4525 ι
