3034 5054
445 331 447 341 κ
512 281 915 380 tusannusrmu.
1245 308 1308 380 sss

126 475 193 546 uio.
238 475 294 542 An
316 475 413 542 ullum
433 473 593 540 existimas
615 497 706 560 posse
722 475 790 541 fieri
809 477 911 540 civem
926 470 1101 559 egregium,
1114 471 1169 560 qui
1183 497 1245 540 non
1258 478 1309 544 his

127 564 247 628 artibus
262 577 294 625 et
309 562 480 646 disciplinis
491 562 532 624 sit
544 562 706 626 eruditus?
724 561 779 626 An
790 563 853 628 ulla
863 563 923 625 alia
937 576 1027 645 putas
1040 581 1107 624 esse·
1121 562 1313 690 rudimenta3

127 665 162 712 et
175 649 365 726 incunabula,
378 647 515 725 virtutis,
530 648 642 730 quibus
658 647 753 712 animi
769 650 810 712 ad
826 648 931 732 gloriae
946 645 1148 731 cupiditatem
1164 648 1304 712 aluntur.

51 751 54 760 ’
126 734 194 797 aed
204 731 335 796 minime
353 732 468 797 mirum
481 747 539 808 est,
552 733 589 795 P.
603 732 641 797 C.
658 734 685 798 si
698 733 804 812 homo,
817 734 871 816 qui
886 731 1026 812 desidiae,
1040 753 1075 796 ac
1090 735 1235 811 luxuriet,
1246 735 1309 816 ple·
1332 809 1335 814 ⁵

127 841 187 883 nus
209 819 270 893 sit;
293 819 358 882 haee
379 815 427 882 uti
449 839 540 898 nova,
562 834 654 902 atque
676 818 834 897 inusitata,
851 817 993 882 miratur.
1037 813 1125 882 Nam
1146 820 1231 902 quod
1253 821 1311 884 isti

125 905 271 981 inusitati
292 905 377 966 rabie
399 906 573 988 petulanter
594 905 626 965 in
648 924 793 985 uxorem,
812 918 844 967 et
863 904 895 965 in
918 903 1013 965 filiam
1035 924 1139 967 meam
1158 905 1311 985 invasisti,
1355 937 1357 943 ¹

125 1000 217 1072 ³quae
231 989 356 1054 facilius
374 990 522 1052 mulieres
537 1009 571 1052 se
594 985 612 1050 t
628 989 704 1054 viris
723 989 951 1067 abstinuerunt,
965 985 1059 1071 quatro
1076 1003 1110 1052 tn
1125 989 1174 1052 vir
1188 986 1206 1050 i
1221 990 1311 1070 viris,
1328 1045 1332 1055 .

113 1072 203 1146 ,satis
218 1072 323 1152 docte,
338 1095 374 1138 ae
393 1071 506 1158 perite,
526 1073 639 1137 fecisti.
685 1074 761 1138 Non
783 1075 867 1138 enim
885 1095 936 1136 me
951 1073 1080 1158 speraisti
1096 1089 1238 1138 mutuam
1253 1076 1311 1140 tibi

125 1162 260 1246 gratiam
282 1161 464 1237 relaturum,
485 1174 518 1224 et
538 1158 686 1224 vicissem
707 1173 778 1224 tuas
797 1159 1067 1244 compellaturum.
1112 1159 1207 1224 Unus
1226 1162 1312 1225 enim

124 1243 203 1311 satis
224 1268 259 1309 es
284 1246 421 1308 materiae
443 1243 572 1324 hahens,
593 1267 694 1328 neque
717 1246 889 1328 quidquam
916 1244 1039 1328 turpius
1062 1260 1109 1309 est
1130 1245 1218 1308 domi
1239 1258 1313 1328 tua,

124 1329 219 1414 quim
232 1345 279 1396 tu.
324 1331 469 1395 Multum
490 1346 521 1395 te
536 1329 614 1395 verd
630 1330 735 1415 opinio
750 1330 840 1410 fallit,
855 1329 908 1412 qui
924 1329 1127 1415 mihi'putisti
1143 1351 1250 1415 parare
1263 1333 1310 1400 in·

123 1417 244 1482 vidiam
260 1438 302 1480 ex
322 1418 393 1480 meai
406 1437 440 1481 re
456 1414 604 1479 familiari
614 1421 629 1493 3'
645 1415 829 1501 quae'mnltd
848 1415 927 1478 mihi
949 1416 1052 1482 minor
1073 1431 1131 1496 est,
1145 1411 1240 1500 quim
1256 1417 1311 1485 ha·

121 1503 198 1566 bere
213 1501 328 1586 dignus
343 1501 415 1566 sim.
460 1501 570 1585 Atque
578 1499 705 1566 'utinam
719 1523 758 1566 ne
773 1515 857 1568 tanta
870 1501 1000 1585 quidem
1015 1518 1097 1566 esset
1112 1517 1227 1590 quanta
1241 1517 1310 1580 ests

121 1585 173 1652 uti
195 1587 302 1672 potiris
323 1588 416 1652 amici
439 1587 504 1650 mei
518 1586 673 1665 viverent,
685 1585 780 1670 quim
803 1608 864 1672 ego
885 1589 1079 1666 testamentis
1094 1609 1204 1652 eorum
1221 1589 1310 1658 locu-

119 1673 236 1758 pletior
250 1695 363 1736 essem.
388 1672 459 1755 Ego
467 1669 583 1756 fugax,
599 1671 710 1756 Crispe
726 1671 874 1738 Sallusti?
892 1672 1006 1736 Furori
1021 1673 1137 1737 tribuni
1154 1675 1196 1757 pl.
1210 1675 1311 1741 cessi:

121 1757 234 1822 utilius
251 1759 340 1832 duxi,
360 1755 525 1838 l’quamvis
540 1755 795 1820 fortunam'unus
808 1758 962 1840 experire,
972 1754 1071 1840 quim
1092 1758 1239 1823 universo
1254 1783 1311 1845 po-

123 1843 200 1926 pulo
211 1841 253 1921 R.
265 1840 368 1906 civilis
378 1859 481 1908 essem
492 1838 695 1903 dissensionis
704 1859 812 1904 causa:
829 1841 896 1922 qui,
906 1838 1014 1922 posted
1026 1840 1120 1924 quim
1133 1854 1147 1882 0
1156 1843 1207 1908 ille
1217 1868 1313 1914 suum

122 1949 242 1994 annum
258 1926 290 1990 in
305 1946 372 2008 rep.
387 1923 610 2010 perbacchatus
626 1938 693 2000 est;
716 1925 883 2008 omniaque
899 1945 968 2007 quae
985 1942 1209 2008 commoverat,
1222 1952 1311 2013 pace,

124 2028 159 2082 et
173 2015 251 2091 otio,
265 2012 464 2085 resederunt;
486 2010 546 2072 hoc
562 2009 672 2074 ordine
686 2025 863 2089 revocante,
881 2025 975 2093 atque
990 2010 1057 2095 ipsi
1071 2032 1136 2096 rep.
1153 2033 1247 2079 manu
1262 2038 1322 2090 rew

120 2099 264 2163 trahente
287 2117 350 2174 me,
372 2097 500 2160 reverti.
545 2093 611 2170 Qui
640 2095 719 2159 mihi
741 2095 821 2178 dies,
842 2097 870 2158 si
892 2095 968 2160 curn
990 2095 1077 2160 omni
1102 2098 1222 2182 reliqui
1248 2101 1313 2164 viui

123 2184 313 2259 conferatur,
328 2183 433 2244 animo
451 2181 583 2265 quidem
604 2201 677 2245 meo
698 2174 859 2266 imperet,
874 2180 950 2266 etim
969 2182 1108 2248 universi
1129 2203 1199 2263 vos,
1212 2207 1310 2271 popu-

122 2271 236 2354 lusque
253 2267 294 2330 R.
310 2267 489 2351 frequentes
504 2268 653 2331 adventui
668 2288 741 2330 meo
757 2269 927 2352 gratulatus
942 2281 1000 2332 est.
1044 2267 1138 2336 Tanti
1155 2289 1205 2332 me
1222 2274 1310 2356 fuga·
1378 2263 1383 2280 '

123 2375 195 2422 cem
220 2353 470 2438 {mercenarium
496 2368 661 2435 patronum
690 2353 724 2416 hi
747 2353 989 2418 estimaverunt.
1043 2353 1159 2436 Neque
1184 2355 1311 2423 hercule

123 2441 243 2506 mirum
259 2453 317 2518 est,
331 2437 379 2503 ‘si
389 2443 454 2522 'ego
464 2459 589 2522 semper
596 2439 699 2524 justas
712 2438 853 2502 omnium
868 2437 1022 2502 amicitias
1038 2440 1203 2518 aestimavi.
1236 2444 1315 2511 Non

123 2527 209 2590 enim
225 2527 279 2590 uni
295 2521 443 2609 privatim
463 2525 625 2589 ancillatus
640 2541 838 2606 sumusque
853 2545 904 2590 me
922 2523 1051 2596 addixi3
1074 2526 1142 2604 sed,
1157 2529 1312 2610 quantum

123 2613 259 2696 quisque
280 2611 360 2694 reip.
375 2611 508 2687 studuit,
519 2625 640 2674 tantum
658 2609 737 2673 mihi
754 2608 814 2673 fuit
824 2635 833 2685 ς
856 2624 910 2676 aut
931 2609 1062 2688 amicus,
1076 2625 1131 2677 aut
1152 2613 1311 2679 inimicus.

124 2697 198 2780 Ego
218 2696 295 2760 nihil
316 2695 388 2779 plds
414 2695 500 2761 volni
520 2695 634 2774 valere,
660 2693 755 2779 quim
776 2716 905 2780 pacem:
930 2695 1021 2759 multi
1040 2696 1235 2780 privatorum
1255 2722 1309 2764 au-

126 2782 232 2846 dacias
243 2783 440 2847 nutriverunt
455 2803 515 2864 ego
529 2781 608 2844 nihil
619 2781 723 2861 timui,
733 2781 794 2845 nisi
807 2781 910 2866 leges:
925 2780 1017 2844 multi
1032 2801 1119 2846 arma
1133 2804 1191 2846 sua
1205 2785 1311 2852 timeri

124 2863 302 2932 voluerunt.
348 2865 421 2950 Ego
441 2887 601 2948 nunqnam
624 2866 709 2932 volui
732 2866 905 2950 quidquam
924 2888 1028 2950 posse,
1043 2866 1104 2930 nisi
1126 2889 1184 2951 pro
1200 2871 1309 2936 vobis:

123 2953 217 3018 multi
232 2974 273 3014 ex
283 2952 385 3030 vobis,
395 2951 531 3036 potentii
545 2950 630 3032 freti,
644 2951 677 3015 in
691 2973 748 3016 vos
763 2953 828 3016 suis
844 2952 964 3019 viribus
978 2953 1066 3016 abusi
1082 2969 1164 3016 sunt.
1198 2955 1323 3039 ltaque.

123 3059 187 3102 uon
202 3051 250 3101 est
265 3039 393 3118 mirum,
409 3038 435 3100 si
450 3037 565 3102 nullius
580 3037 717 3102 amicitia
730 3059 807 3102 usus
822 3059 904 3117 sum,
920 3035 1051 3120 quinon
1064 3054 1216 3121 perpetuo
1231 3045 1310 3125 reip.
1326 3033 1329 3040 ⁴

124 3125 246 3188 amicus
257 3122 337 3195 fuit;
360 3144 462 3206 neque
477 3127 528 3184 ine
544 3122 679 3206 poenitet,
693 3123 721 3186 si
736 3138 791 3188 aut
805 3121 923 3206 potenti
940 3133 956 3174 ὅ
964 3122 1094 3187 Vatinio
1106 3145 1162 3188 reo
1176 3129 1310 3208 patroci-

123 3212 213 3272 nium
228 3206 382 3293 pollicitus
401 3229 491 3282 sumt
514 3223 569 3274 aut
587 3207 687 3273 Sextii
709 3209 906 3272 insolentiam
927 3206 1081 3292 repressi3
1104 3223 1159 3273 aut
1179 3207 1310 3278 hBibuli

123 3296 304 3380 patientiam
326 3295 460 3378 culpavi,
473 3311 527 3359 aut
541 3293 709 3360 virtutibus
732 3293 864 3359 Casaris
879 3292 955 3360 favi.
997 3291 1078 3378 {Hae
1096 3293 1205 3361 laudes
1224 3300 1310 3368 enirn

661 3457 778 3510 NOTAE.

129 3625 131 3632 ,
156 3601 264 3667 aQuae.]
278 3604 341 3653 Tum
352 3604 546 3670 nae0r‚tnmfilia
557 3621 619 3658 men.
727 3599 825 3655 lustius
840 3601 955 3666 dixerat,
964 3599 1117 3655 Ciceronem
1133 3604 1232 3658 Vatinii
1249 3613 1312 3658 cah..

156 3671 174 3722 b
189 3667 330 3734 Quamvis]
345 3673 565 3736 Veliamas‘ssr'mam.
728 3685 783 3722 som
800 3685 888 3738 agere,
898 3679 1041 3738 postquam
1056 3672 1202 3724 orationem
1219 3675 1316 3726 conos

156 3737 387 3800 cllle.]Tribnnus
400 3738 511 3798 seilicet,
520 3736 640 3790 Clodius.
728 3737 814 3804 ipsum
826 3737 969 3790 tenuaret.

155 3805 175 3856 d
189 3801 315 3869 Superta]
334 3804 367 3854 ld
383 3813 434 3864 est,
444 3807 610 3856 Praertmm'or
624 3814 650 3855 et
659 3808 704 3870 ju-
761 3805 779 3856 h
791 3803 877 3858 uranu
888 3804 1055 3870 patientiam]
1073 3803 1232 3866 Tantaluit,
1244 3806 1314 3868 rese.

121 3875 225 3924 tundier
240 3873 363 3923 sidentur.
397 3871 450 3922 Sed
466 3870 538 3926 vide.
551 3871 624 3933 mihi,
639 3885 707 3938 qua·
729 3879 804 3924 rente
814 3871 948 3934 Suetonio,
958 3880 988 3924 ut
996 3870 1122 3931 nonnulli,
1131 3869 1202 3934 qndd
1214 3874 1250 3924 ita
1258 3878 1314 3925 Cae.

123 3954 164 3992 so.
171 3937 313 4004 quomodo,
320 3953 371 3988 non
380 3933 484 3990 tanturn
494 3936 601 4005 objectu
610 3937 705 4002 diluet,
727 3938 782 3991 sori
794 3937 821 3990 in
830 3937 967 3990 consulatu
978 3940 1098 3996 essisset.
1106 3953 1158 3988 non
1174 3941 1234 3989 Gaio
1244 3943 1311 3992 lulio

122 4005 173 4058 sed
185 4008 212 4054 in
221 4005 332 4074 gloriam
341 4013 434 4058 vertat.
732 4007 836 4068 Geram,
845 4016 870 4056 et
878 4007 976 4067 Bibulo,
988 4007 1142 4064 consulibus:
1155 4006 1204 4058 sed
1215 4007 1275 4058 Coto
1285 4019 1311 4058 et

156 4088 173 4124 e
194 4071 404 4137 mercenarium]
427 4071 504 4123 Istud
526 4071 705 4138 objectsverst
728 4071 1135 4140 Juuo,perj00um,seriberent.

122 4139 273 4208 Sallustius,
285 4156 332 4196 seu
339 4141 455 4210 quisque
463 4137 513 4191 luit
520 4137 580 4206 ejus
591 4139 650 4192 loeo
661 4139 705 4192 de·
761 4139 824 4193 111ae
833 4139 936 4204 modes]
947 4139 1057 4203 Virtuti,
1065 4138 1198 4199 nimirum,
1207 4145 1235 4190 et
1244 4139 1310 4193 viris

123 4205 258 4260 clamator.
728 4207 1063 4272 probis,quomodocunque
1072 4205 1171 4262 faveres
1185 4205 1246 4256 inde
1254 4213 1314 4273 tan,

156 4271 228 4334 sse]
241 4275 292 4323 Pro
303 4275 515 4339 ‚Quandoquidem
585 4323 591 4328 ,,
729 4271 846 4328 tumsibi
855 4273 1068 4340 amicospamre:
1081 4270 1151 4332 illos,
1160 4272 1183 4322 si
1192 4273 1310 4337 priorem

156 4337 311 4406 Uatinia]
324 4341 475 4408 Respondet
485 4339 521 4397 aul
530 4337 560 4403 id
568 4339 642 4416 quod
651 4339 709 4407 Sal·
727 4335 893 4410 sanctitatem
906 4349 933 4394 ct
941 4341 1003 4395 vitae
1013 4338 1190 4400 innocentiam
1195 4337 1309 4408 flagitiis
