<?xml version="1.0" encoding="UTF-8"?>
<!DOCTYPE html PUBLIC "-//W3C//DTD XHTML 1.0 Transitional//EN"
    "http://www.w3.org/TR/xhtml1/DTD/xhtml1-transitional.dtd">
<html xmlns="http://www.w3.org/1999/xhtml" xml:lang="en" lang="en">
 <head>
  <title>
</title>
<meta http-equiv="Content-Type" content="text/html;charset=utf-8" />
  <meta name='ocr-system' content='tesseract 3.04.00' />
  <meta name='ocr-capabilities' content='ocr_page ocr_carea ocr_par ocr_line ocrx_word'/>
</head>
<body>
  <div class='ocr_page' id='page_1' title='image "./operaomniaquaee00crisgoog_0202.png"; bbox 0 0 3034 5054; ppageno 0'>
   <div class='ocr_carea' id='block_1_1' title="bbox 529 335 1299 422">
    <p class='ocr_par' dir='ltr' id='par_1_1' title="bbox 529 335 1299 422">
     <span class='ocr_line' id='line_1_1' title="bbox 529 335 1299 422; baseline -0.006 -1"><span class='ocrx_word' id='word_1_1' title='bbox 529 350 851 422; x_wconf 79' lang='lat' dir='ltr'>FRAGMENTA.</span> <span class='ocrx_word' id='word_1_2' title='bbox 1223 335 1299 416; x_wconf 83' lang='grc' dir='ltr'>189Ι</span> 
     </span>
    </p>
   </div>
   <div class='ocr_carea' id='block_1_2' title="bbox 95 521 1391 3013">
    <p class='ocr_par' dir='ltr' id='par_1_2' title="bbox 139 521 1282 790">
     <span class='ocr_line' id='line_1_2' title="bbox 140 521 1282 620; baseline -0.01 -21"><span class='ocrx_word' id='word_1_3' title='bbox 140 537 324 620; x_wconf 79' lang='lat' dir='ltr'><strong>Antequam</strong></span> <span class='ocrx_word' id='word_1_4' title='bbox 338 550 499 616; x_wconf 74' lang='lat' dir='ltr'>regressus</span> <span class='ocrx_word' id='word_1_5' title='bbox 510 527 670 596; x_wconf 87' lang='lat' dir='ltr'>Sertorius</span> <span class='ocrx_word' id='word_1_6' title='bbox 680 527 847 597; x_wconf 77' lang='lat' dir='ltr'>intrueret</span> <span class='ocrx_word' id='word_1_7' title='bbox 861 541 975 610; x_wconf 80' lang='lat' dir='ltr'>pugnae</span> <span class='ocrx_word' id='word_1_8' title='bbox 987 543 1074 588; x_wconf 86' lang='lat' dir='ltr'>suos.</span> <span class='ocrx_word' id='word_1_9' title='bbox 1096 521 1282 590; x_wconf 75' lang='lat' dir='ltr'>Arusianus.</span> 
     </span>
     <span class='ocr_line' id='line_1_3' title="bbox 139 617 653 704; baseline -0.01 -20"><span class='ocrx_word' id='word_1_10' title='bbox 139 621 209 704; x_wconf 83' lang='lat' dir='ltr'>Ipsi</span> <span class='ocrx_word' id='word_1_11' title='bbox 225 621 318 684; x_wconf 85' lang='lat' dir='ltr'>animi</span> <span class='ocrx_word' id='word_1_12' title='bbox 333 633 433 684; x_wconf 77' lang='lat' dir='ltr'>atrox.</span> <span class='ocrx_word' id='word_1_13' title='bbox 457 617 550 680; x_wconf 80' lang='lat' dir='ltr'>Idem·</span> <span class='ocrx_word' id='word_1_14' title='bbox 651 633 653 642; x_wconf 89' lang='grc'><strong>’</strong></span> 
     </span>
     <span class='ocr_line' id='line_1_4' title="bbox 142 704 513 790; baseline -0.013 -20"><span class='ocrx_word' id='word_1_15' title='bbox 142 707 253 790; x_wconf 88' lang='lat' dir='ltr'>Copiis</span> <span class='ocrx_word' id='word_1_16' title='bbox 268 708 403 789; x_wconf 23' lang='lat' dir='ltr'>integra..</span> <span class='ocrx_word' id='word_1_17' title='bbox 420 704 513 768; x_wconf 71' lang='lat' dir='ltr'>June.</span> 
     </span>
    </p>

    <p class='ocr_par' dir='ltr' id='par_1_3' title="bbox 97 781 1286 1048">
     <span class='ocr_line' id='line_1_5' title="bbox 117 781 1284 869; baseline -0.007 -15"><span class='ocrx_word' id='word_1_18' title='bbox 117 856 120 864; x_wconf 71' lang='grc'><strong>,</strong></span> <span class='ocrx_word' id='word_1_19' title='bbox 142 790 270 856; x_wconf 88' lang='lat' dir='ltr'>Eodem</span> <span class='ocrx_word' id='word_1_20' title='bbox 285 811 364 856; x_wconf 86' lang='lat' dir='ltr'>anno</span> <span class='ocrx_word' id='word_1_21' title='bbox 380 790 412 852; x_wconf 88' lang='lat' dir='ltr'>in</span> <span class='ocrx_word' id='word_1_22' title='bbox 429 787 620 854; x_wconf 73' lang='lat' dir='ltr'>Macedonis</span> <span class='ocrx_word' id='word_1_23' title='bbox 634 785 672 852; x_wconf 89' lang='lat' dir='ltr'>C.</span> <span class='ocrx_word' id='word_1_24' title='bbox 687 784 797 860; x_wconf 78' lang='lat' dir='ltr'>Curio,</span> <span class='ocrx_word' id='word_1_25' title='bbox 809 784 963 869; x_wconf 89' lang='lat' dir='ltr'>principio</span> <span class='ocrx_word' id='word_1_26' title='bbox 977 781 1061 846; x_wconf 87' lang='lat' dir='ltr'>ueris</span> <span class='ocrx_word' id='word_1_27' title='bbox 1077 804 1149 846; x_wconf 92' lang='lat' dir='ltr'>cum</span> <span class='ocrx_word' id='word_1_28' title='bbox 1164 783 1284 848; x_wconf 84' lang='lat' dir='ltr'>exerci-</span> 
     </span>
     <span class='ocr_line' id='line_1_6' title="bbox 97 866 1286 962; baseline -0.007 -20"><span class='ocrx_word' id='word_1_29' title='bbox 97 889 135 942; x_wconf 86' lang='lat' dir='ltr'>tu</span> <span class='ocrx_word' id='word_1_30' title='bbox 155 866 310 962; x_wconf 77' lang='lat' dir='ltr'>profectus</span> <span class='ocrx_word' id='word_1_31' title='bbox 333 879 365 938; x_wconf 91' lang='lat' dir='ltr'>in</span> <span class='ocrx_word' id='word_1_32' title='bbox 390 873 621 951; x_wconf 62' lang='lat' dir='ltr'>*Dardaniam</span> <span class='ocrx_word' id='word_1_33' title='bbox 636 874 750 958; x_wconf 88' lang='lat' dir='ltr'>quibus</span> <span class='ocrx_word' id='word_1_34' title='bbox 773 873 875 956; x_wconf 87' lang='lat' dir='ltr'>potuit</span> <span class='ocrx_word' id='word_1_35' title='bbox 896 871 1001 934; x_wconf 89' lang='lat' dir='ltr'>modis</span> <span class='ocrx_word' id='word_1_36' title='bbox 1018 870 1117 934; x_wconf 89' lang='lat' dir='ltr'>dictas</span> <span class='ocrx_word' id='word_1_37' title='bbox 1138 872 1286 955; x_wconf 80' lang='lat' dir='ltr'>pecunias</span> 
     </span>
     <span class='ocr_line' id='line_1_7' title="bbox 97 961 751 1048; baseline -0.008 -22"><span class='ocrx_word' id='word_1_38' title='bbox 97 965 215 1048; x_wconf 85' lang='lat' dir='ltr'>co&#39;c&#39;git.</span> <span class='ocrx_word' id='word_1_39' title='bbox 236 963 369 1039; x_wconf 82' lang='lat' dir='ltr'>Nonius,</span> <span class='ocrx_word' id='word_1_40' title='bbox 382 961 491 1038; x_wconf 75' lang='lat' dir='ltr'>eiicere,</span> <span class='ocrx_word' id='word_1_41' title='bbox 505 973 552 1024; x_wconf 82' lang='lat' dir='ltr'>est</span> <span class='ocrx_word' id='word_1_42' title='bbox 559 962 751 1046; x_wconf 83' lang='lat' dir='ltr'>promittere.</span> 
     </span>
    </p>

    <p class='ocr_par' dir='ltr' id='par_1_4' title="bbox 142 1045 1110 1128">
     <span class='ocr_line' id='line_1_8' title="bbox 142 1045 1110 1128; baseline -0.006 -16"><span class='ocrx_word' id='word_1_43' title='bbox 142 1051 229 1126; x_wconf 85' lang='lat' dir='ltr'>Post,</span> <span class='ocrx_word' id='word_1_44' title='bbox 244 1049 298 1114; x_wconf 89' lang='lat' dir='ltr'>ubi</span> <span class='ocrx_word' id='word_1_45' title='bbox 311 1046 424 1110; x_wconf 78' lang='lat' dir='ltr'>fiduciis</span> <span class='ocrx_word' id='word_1_46' title='bbox 438 1045 565 1112; x_wconf 84' lang='lat' dir='ltr'>nimius.</span> <span class='ocrx_word' id='word_1_47' title='bbox 588 1045 776 1112; x_wconf 68' lang='lat' dir='ltr'>Annianus.</span> <span class='ocrx_word' id='word_1_48' title='bbox 1107 1119 1110 1128; x_wconf 29' lang='grc' dir='ltr'><strong><em>Ι</em></strong></span> 
     </span>
    </p>

    <p class='ocr_par' dir='ltr' id='par_1_5' title="bbox 111 1125 1285 1218">
     <span class='ocr_line' id='line_1_9' title="bbox 111 1125 1285 1218; baseline -0.004 -20"><span class='ocrx_word' id='word_1_49' title='bbox 111 1195 115 1205; x_wconf 89' lang='grc'>,</span> <span class='ocrx_word' id='word_1_50' title='bbox 139 1136 205 1198; x_wconf 88' lang='lat' dir='ltr'>Sed</span> <span class='ocrx_word' id='word_1_51' title='bbox 219 1135 280 1218; x_wconf 88' lang='lat' dir='ltr'>ipsi</span> <span class='ocrx_word' id='word_1_52' title='bbox 296 1133 400 1196; x_wconf 86' lang='lat' dir='ltr'>ferunt</span> <span class='ocrx_word' id='word_1_53' title='bbox 410 1146 535 1196; x_wconf 86' lang='lat' dir='ltr'>taurum</span> <span class='ocrx_word' id='word_1_54' title='bbox 550 1153 591 1196; x_wconf 85' lang='lat' dir='ltr'>ex</span> <span class='ocrx_word' id='word_1_55' title='bbox 607 1155 713 1216; x_wconf 88' lang='lat' dir='ltr'>grege,</span> <span class='ocrx_word' id='word_1_56' title='bbox 725 1151 820 1214; x_wconf 85' lang='lat' dir='ltr'>quem</span> <span class='ocrx_word' id='word_1_57' title='bbox 832 1125 929 1215; x_wconf 69' lang='lat' dir='ltr'>propi</span> <span class='ocrx_word' id='word_1_58' title='bbox 941 1128 1033 1192; x_wconf 87' lang='lat' dir='ltr'>litora</span> <span class='ocrx_word' id='word_1_59' title='bbox 1042 1129 1171 1213; x_wconf 78' lang='lat' dir='ltr'>tegebat</span> <span class='ocrx_word' id='word_1_60' title='bbox 1183 1125 1285 1194; x_wconf 63' lang='lat' dir='ltr'>icor-</span> 
     </span>
    </p>

    <p class='ocr_par' dir='ltr' id='par_1_6' title="bbox 95 1219 1290 1730">
     <span class='ocr_line' id='line_1_10' title="bbox 95 1219 745 1302; baseline -0.011 -16"><span class='ocrx_word' id='word_1_61' title='bbox 95 1243 131 1286; x_wconf 88' lang='lat' dir='ltr'>sa</span> <span class='ocrx_word' id='word_1_62' title='bbox 146 1221 275 1284; x_wconf 87' lang='lat' dir='ltr'>nomine</span> <span class='ocrx_word' id='word_1_63' title='bbox 286 1219 389 1302; x_wconf 82' lang='lat' dir='ltr'>Ligur</span> <span class='ocrx_word' id='word_1_64' title='bbox 404 1220 527 1284; x_wconf 89' lang='lat' dir='ltr'>mulier.</span> <span class='ocrx_word' id='word_1_65' title='bbox 550 1220 653 1281; x_wconf 81' lang='lat' dir='ltr'>Prisc.</span> <span class='ocrx_word' id='word_1_66' title='bbox 669 1220 690 1280; x_wconf 87' lang='lat' dir='ltr'>i.</span> <span class='ocrx_word' id='word_1_67' title='bbox 703 1219 745 1280; x_wconf 88' lang='lat' dir='ltr'>vi.</span> 
     </span>
     <span class='ocr_line' id='line_1_11' title="bbox 98 1300 1287 1388; baseline 0.001 -21"><span class='ocrx_word' id='word_1_68' title='bbox 98 1363 102 1382; x_wconf 84' lang='grc'><strong>,</strong></span> <span class='ocrx_word' id='word_1_69' title='bbox 138 1307 248 1368; x_wconf 74' lang='lat' dir='ltr'>cNam</span> <span class='ocrx_word' id='word_1_70' title='bbox 265 1306 409 1388; x_wconf 75' lang='lat' dir='ltr'>quaedam</span> <span class='ocrx_word' id='word_1_71' title='bbox 422 1304 522 1372; x_wconf 83' lang='lat' dir='ltr'>Corsa</span> <span class='ocrx_word' id='word_1_72' title='bbox 535 1305 673 1380; x_wconf 89' lang='lat' dir='ltr'>nomine,</span> <span class='ocrx_word' id='word_1_73' title='bbox 684 1301 787 1386; x_wconf 80' lang='lat' dir='ltr'>Ligus</span> <span class='ocrx_word' id='word_1_74' title='bbox 801 1303 926 1378; x_wconf 86' lang='lat' dir='ltr'>mulier,</span> <span class='ocrx_word' id='word_1_75' title='bbox 938 1300 1014 1367; x_wconf 80' lang='lat' dir='ltr'>cdm</span> <span class='ocrx_word' id='word_1_76' title='bbox 1024 1315 1150 1365; x_wconf 90' lang='lat' dir='ltr'>taurum</span> <span class='ocrx_word' id='word_1_77' title='bbox 1165 1323 1205 1366; x_wconf 84' lang='lat' dir='ltr'>ex</span> <span class='ocrx_word' id='word_1_78' title='bbox 1217 1324 1287 1386; x_wconf 88' lang='lat' dir='ltr'>gre·</span> 
     </span>
     <span class='ocr_line' id='line_1_12' title="bbox 97 1387 1289 1474; baseline 0 -22"><span class='ocrx_word' id='word_1_79' title='bbox 97 1413 151 1474; x_wconf 79' lang='lat' dir='ltr'>ge,</span> <span class='ocrx_word' id='word_1_80' title='bbox 166 1411 262 1472; x_wconf 85' lang='lat' dir='ltr'>quesn</span> <span class='ocrx_word' id='word_1_81' title='bbox 283 1387 381 1471; x_wconf 66' lang='lat' dir='ltr'>propit</span> <span class='ocrx_word' id='word_1_82' title='bbox 403 1391 494 1455; x_wconf 82' lang='lat' dir='ltr'>litora</span> <span class='ocrx_word' id='word_1_83' title='bbox 510 1392 647 1474; x_wconf 86' lang='lat' dir='ltr'>regebat,</span> <span class='ocrx_word' id='word_1_84' title='bbox 659 1401 850 1454; x_wconf 81' lang='lat' dir='ltr'>transnatare</span> <span class='ocrx_word' id='word_1_85' title='bbox 864 1389 1004 1462; x_wconf 86' lang='lat' dir='ltr'>solitum,</span> <span class='ocrx_word' id='word_1_86' title='bbox 1015 1403 1108 1468; x_wconf 86' lang='lat' dir='ltr'>atque</span> <span class='ocrx_word' id='word_1_87' title='bbox 1124 1409 1180 1470; x_wconf 90' lang='lat' dir='ltr'>per</span> <span class='ocrx_word' id='word_1_88' title='bbox 1194 1389 1289 1452; x_wconf 87' lang='lat' dir='ltr'>inter·</span> 
     </span>
     <span class='ocr_line' id='line_1_13' title="bbox 95 1467 1288 1558; baseline -0.003 -18"><span class='ocrx_word' id='word_1_89' title='bbox 95 1477 179 1540; x_wconf 84' lang='lat' dir='ltr'>valla</span> <span class='ocrx_word' id='word_1_90' title='bbox 194 1467 323 1554; x_wconf 75' lang='lat' dir='ltr'>corpore</span> <span class='ocrx_word' id='word_1_91' title='bbox 345 1469 458 1538; x_wconf 65' lang='lat' dir='ltr'>“aucto</span> <span class='ocrx_word' id='word_1_92' title='bbox 478 1497 618 1543; x_wconf 87' lang='lat' dir='ltr'>remeare</span> <span class='ocrx_word' id='word_1_93' title='bbox 633 1476 776 1550; x_wconf 64' lang='lat' dir='ltr'>viderem</span> <span class='ocrx_word' id='word_1_94' title='bbox 798 1474 927 1558; x_wconf 84' lang='lat' dir='ltr'>cupiens</span> <span class='ocrx_word' id='word_1_95' title='bbox 949 1475 1029 1537; x_wconf 89' lang='lat' dir='ltr'>scire</span> <span class='ocrx_word' id='word_1_96' title='bbox 1052 1473 1210 1556; x_wconf 84' lang='lat' dir='ltr'>incognita</span> <span class='ocrx_word' id='word_1_97' title='bbox 1227 1475 1288 1538; x_wconf 84' lang='lat' dir='ltr'>sibi</span> 
     </span>
     <span class='ocr_line' id='line_1_14' title="bbox 96 1553 1290 1646; baseline 0.002 -24"><span class='ocrx_word' id='word_1_98' title='bbox 96 1561 222 1646; x_wconf 85' lang='lat' dir='ltr'>pabula,</span> <span class='ocrx_word' id='word_1_99' title='bbox 236 1573 360 1633; x_wconf 84' lang='lat' dir='ltr'>tautum</span> <span class='ocrx_word' id='word_1_100' title='bbox 383 1553 402 1618; x_wconf 81' lang='lat' dir='ltr'>it</span> <span class='ocrx_word' id='word_1_101' title='bbox 425 1564 542 1622; x_wconf 79' lang='lat' dir='ltr'>caete&#39;ris</span> <span class='ocrx_word' id='word_1_102' title='bbox 560 1561 798 1640; x_wconf 81' lang='lat' dir='ltr'>degredientem</span> <span class='ocrx_word' id='word_1_103' title='bbox 819 1581 921 1638; x_wconf 84' lang='lat' dir='ltr'>usque</span> <span class='ocrx_word' id='word_1_104' title='bbox 942 1560 984 1620; x_wconf 85' lang='lat' dir='ltr'>ad</span> <span class='ocrx_word' id='word_1_105' title='bbox 1007 1561 1140 1628; x_wconf 88' lang='lat' dir='ltr'>insulam</span> <span class='ocrx_word' id='word_1_106' title='bbox 1162 1561 1290 1643; x_wconf 85' lang='lat' dir='ltr'>navigio</span> 
     </span>
     <span class='ocr_line' id='line_1_15' title="bbox 95 1640 1288 1730; baseline 0.002 -22"><span class='ocrx_word' id='word_1_107' title='bbox 95 1659 261 1730; x_wconf 87' lang='lat' dir='ltr'>prosecuta</span> <span class='ocrx_word' id='word_1_108' title='bbox 277 1658 335 1708; x_wconf 90' lang='lat' dir='ltr'>est.</span> <span class='ocrx_word' id='word_1_109' title='bbox 380 1641 482 1727; x_wconf 87' lang='lat' dir='ltr'>Cujus</span> <span class='ocrx_word' id='word_1_110' title='bbox 500 1663 646 1726; x_wconf 86' lang='lat' dir='ltr'>regressu</span> <span class='ocrx_word' id='word_1_111' title='bbox 662 1641 769 1704; x_wconf 81' lang='lat' dir='ltr'>insulae</span> <span class='ocrx_word' id='word_1_112' title='bbox 784 1640 975 1706; x_wconf 82' lang='lat' dir='ltr'>fertilitatem</span> <span class='ocrx_word' id='word_1_113' title='bbox 992 1649 1214 1724; x_wconf 69' lang='lat' dir='ltr'>cognoscentes</span> <span class='ocrx_word' id='word_1_114' title='bbox 1229 1648 1288 1710; x_wconf 89' lang='lat' dir='ltr'>Li-</span> 
     </span>
    </p>

    <p class='ocr_par' dir='ltr' id='par_1_7' title="bbox 96 1727 1391 1899">
     <span class='ocr_line' id='line_1_16' title="bbox 143 1727 1391 1812; baseline 0.002 -18"><span class='ocrx_word' id='word_1_115' title='bbox 143 1754 204 1809; x_wconf 88' lang='lat' dir='ltr'>res,</span> <span class='ocrx_word' id='word_1_116' title='bbox 217 1730 336 1795; x_wconf 87' lang='lat' dir='ltr'>ratibus</span> <span class='ocrx_word' id='word_1_117' title='bbox 351 1727 392 1792; x_wconf 84' lang='lat' dir='ltr'>ed</span> <span class='ocrx_word' id='word_1_118' title='bbox 412 1729 544 1812; x_wconf 84' lang='lat' dir='ltr'>profecti</span> <span class='ocrx_word' id='word_1_119' title='bbox 559 1741 643 1802; x_wconf 85' lang='lat' dir='ltr'>sunt,</span> <span class='ocrx_word' id='word_1_120' title='bbox 658 1747 791 1808; x_wconf 88' lang='lat' dir='ltr'>eamque</span> <span class='ocrx_word' id='word_1_121' title='bbox 806 1727 931 1791; x_wconf 86' lang='lat' dir='ltr'>nominc</span> <span class='ocrx_word' id='word_1_122' title='bbox 948 1727 1091 1792; x_wconf 85' lang='lat' dir='ltr'>mulieris</span> <span class='ocrx_word' id='word_1_123' title='bbox 1105 1732 1241 1796; x_wconf 87' lang='lat' dir='ltr'>auctoris</span> <span class='ocrx_word' id='word_1_124' title='bbox 1255 1747 1289 1797; x_wconf 89' lang='lat' dir='ltr'>et</span> <span class='ocrx_word' id='word_1_125' title='bbox 1385 1755 1391 1770; x_wconf 87' lang='lat'>·</span> 
     </span>
     <span class='ocr_line' id='line_1_17' title="bbox 96 1753 836 1899; baseline -0.011 -19"><span class='ocrx_word' id='word_1_126' title='bbox 96 1753 188 1888; x_wconf 56' lang='lat' dir='ltr'>{dcis</span> <span class='ocrx_word' id='word_1_127' title='bbox 203 1816 446 1899; x_wconf 76' lang='lat' dir='ltr'>appellaverunt.</span> <span class='ocrx_word' id='word_1_128' title='bbox 471 1812 620 1887; x_wconf 73' lang='lat' dir='ltr'>luidonis,</span> <span class='ocrx_word' id='word_1_129' title='bbox 634 1812 655 1872; x_wconf 91' lang='lat' dir='ltr'>l.</span> <span class='ocrx_word' id='word_1_130' title='bbox 671 1811 736 1874; x_wconf 85' lang='lat' dir='ltr'>xiv.</span> <span class='ocrx_word' id='word_1_131' title='bbox 751 1831 778 1872; x_wconf 89' lang='lat' dir='ltr'>c.</span> <span class='ocrx_word' id='word_1_132' title='bbox 794 1816 836 1874; x_wconf 87' lang='lat' dir='ltr'>vi.</span> 
     </span>
    </p>

    <p class='ocr_par' dir='ltr' id='par_1_8' title="bbox 143 1897 1145 1982">
     <span class='ocr_line' id='line_1_18' title="bbox 143 1897 1145 1982; baseline -0.002 -18"><span class='ocrx_word' id='word_1_133' title='bbox 143 1903 197 1964; x_wconf 91' lang='lat' dir='ltr'>Nc</span> <span class='ocrx_word' id='word_1_134' title='bbox 214 1902 371 1965; x_wconf 63' lang='lat' dir='ltr'>iliatauro</span> <span class='ocrx_word' id='word_1_135' title='bbox 385 1913 492 1982; x_wconf 87' lang='lat' dir='ltr'>parata</span> <span class='ocrx_word' id='word_1_136' title='bbox 507 1897 579 1960; x_wconf 88' lang='lat' dir='ltr'>siut.</span> <span class='ocrx_word' id='word_1_137' title='bbox 601 1897 758 1968; x_wconf 75' lang='lat' dir='ltr'>Donatus,</span> <span class='ocrx_word' id='word_1_138' title='bbox 773 1908 832 1956; x_wconf 84' lang='lat' dir='ltr'>oct.</span> <span class='ocrx_word' id='word_1_139' title='bbox 847 1900 891 1957; x_wconf 85' lang='lat' dir='ltr'>iv.</span> <span class='ocrx_word' id='word_1_140' title='bbox 902 1917 945 1958; x_wconf 90' lang='lat' dir='ltr'>sc.</span> <span class='ocrx_word' id='word_1_141' title='bbox 961 1897 994 1958; x_wconf 89' lang='lat' dir='ltr'>ii.</span> <span class='ocrx_word' id='word_1_142' title='bbox 1008 1897 1145 1963; x_wconf 78' lang='lat' dir='ltr'>Andria.</span> 
     </span>
    </p>

    <p class='ocr_par' dir='ltr' id='par_1_9' title="bbox 96 1975 1286 2157">
     <span class='ocr_line' id='line_1_19' title="bbox 113 1975 1286 2072; baseline 0 -21"><span class='ocrx_word' id='word_1_143' title='bbox 113 2051 115 2062; x_wconf 81' lang='grc'>,</span> <span class='ocrx_word' id='word_1_144' title='bbox 140 1987 332 2058; x_wconf 55' lang='lat' dir='ltr'>*Daedalum</span> <span class='ocrx_word' id='word_1_145' title='bbox 345 2005 386 2046; x_wconf 84' lang='lat' dir='ltr'>cx</span> <span class='ocrx_word' id='word_1_146' title='bbox 396 1981 502 2046; x_wconf 70' lang='lat' dir='ltr'>sicilie</span> <span class='ocrx_word' id='word_1_147' title='bbox 514 1980 700 2067; x_wconf 81' lang='lat' dir='ltr'>profectum,</span> <span class='ocrx_word' id='word_1_148' title='bbox 711 1977 786 2056; x_wconf 76' lang='lat' dir='ltr'>citur</span> <span class='ocrx_word' id='word_1_149' title='bbox 800 1975 944 2046; x_wconf 67' lang='lat' dir='ltr'>‘Minois</span> <span class='ocrx_word' id='word_1_150' title='bbox 955 1979 1081 2064; x_wconf 84' lang='lat' dir='ltr'>fugeret</span> <span class='ocrx_word' id='word_1_151' title='bbox 1092 1985 1183 2065; x_wconf 87' lang='lat' dir='ltr'>iram,</span> <span class='ocrx_word' id='word_1_152' title='bbox 1192 2002 1286 2072; x_wconf 82' lang='lat' dir='ltr'>atque</span> 
     </span>
     <span class='ocr_line' id='line_1_20' title="bbox 96 2069 562 2157; baseline -0.013 -20"><span class='ocrx_word' id='word_1_153' title='bbox 96 2093 184 2157; x_wconf 87' lang='lat' dir='ltr'>opes.</span> <span class='ocrx_word' id='word_1_154' title='bbox 209 2071 313 2134; x_wconf 83' lang='lat' dir='ltr'>Prisc.</span> <span class='ocrx_word' id='word_1_155' title='bbox 329 2072 350 2133; x_wconf 91' lang='lat' dir='ltr'>l.</span> <span class='ocrx_word' id='word_1_156' title='bbox 367 2071 409 2131; x_wconf 89' lang='lat' dir='ltr'>vi.</span> <span class='ocrx_word' id='word_1_157' title='bbox 424 2069 562 2134; x_wconf 81' lang='lat' dir='ltr'>Seruius.</span> 
     </span>
    </p>

    <p class='ocr_par' dir='ltr' id='par_1_10' title="bbox 98 2152 1315 2310">
     <span class='ocr_line' id='line_1_21' title="bbox 143 2152 1315 2238; baseline 0.004 -18"><span class='ocrx_word' id='word_1_158' title='bbox 143 2159 251 2234; x_wconf 80' lang='lat' dir='ltr'>Quem</span> <span class='ocrx_word' id='word_1_159' title='bbox 270 2177 311 2219; x_wconf 85' lang='lat' dir='ltr'>ex</span> <span class='ocrx_word' id='word_1_160' title='bbox 327 2156 521 2220; x_wconf 78' lang='lat' dir='ltr'>Mauritanii</span> <span class='ocrx_word' id='word_1_161' title='bbox 532 2175 593 2219; x_wconf 87' lang='lat' dir='ltr'>rex</span> <span class='ocrx_word' id='word_1_162' title='bbox 614 2153 766 2238; x_wconf 83' lang='lat' dir='ltr'>Leptasta</span> <span class='ocrx_word' id='word_1_163' title='bbox 782 2152 969 2235; x_wconf 85' lang='lat' dir='ltr'>proditionis</span> <span class='ocrx_word' id='word_1_164' title='bbox 984 2153 1199 2221; x_wconf 81' lang='lat' dir='ltr'>insimulatum</span> <span class='ocrx_word' id='word_1_165' title='bbox 1215 2181 1288 2226; x_wconf 87' lang='lat' dir='ltr'>cuua</span> <span class='ocrx_word' id='word_1_166' title='bbox 1313 2177 1315 2187; x_wconf 64' lang='lat'><strong>⁴</strong></span> 
     </span>
     <span class='ocr_line' id='line_1_22' title="bbox 98 2241 641 2310; baseline -0.013 0"><span class='ocrx_word' id='word_1_167' title='bbox 98 2245 283 2310; x_wconf 89' lang='lat' dir='ltr'>custodibus</span> <span class='ocrx_word' id='word_1_168' title='bbox 299 2241 436 2306; x_wconf 88' lang='lat' dir='ltr'>miserat.</span> <span class='ocrx_word' id='word_1_169' title='bbox 461 2242 563 2305; x_wconf 86' lang='lat' dir='ltr'>Prisc.</span> <span class='ocrx_word' id='word_1_170' title='bbox 582 2243 602 2303; x_wconf 90' lang='lat' dir='ltr'>I.</span> <span class='ocrx_word' id='word_1_171' title='bbox 619 2247 641 2304; x_wconf 89' lang='lat' dir='ltr'>i.</span> 
     </span>
    </p>

    <p class='ocr_par' dir='ltr' id='par_1_11' title="bbox 106 2317 1288 2410">
     <span class='ocr_line' id='line_1_23' title="bbox 106 2317 1288 2410; baseline 0.005 -18"><span class='ocrx_word' id='word_1_172' title='bbox 106 2355 108 2362; x_wconf 95' lang='lat'>·</span> <span class='ocrx_word' id='word_1_173' title='bbox 146 2327 238 2406; x_wconf 76' lang='lat' dir='ltr'>Quos</span> <span class='ocrx_word' id='word_1_174' title='bbox 258 2317 533 2392; x_wconf 77' lang='lat' dir='ltr'>adversnm‘mntti</span> <span class='ocrx_word' id='word_1_175' title='bbox 549 2349 590 2390; x_wconf 82' lang='lat' dir='ltr'>ex</span> <span class='ocrx_word' id='word_1_176' title='bbox 610 2324 784 2410; x_wconf 74' lang='lat' dir='ltr'>ruithynia</span> <span class='ocrx_word' id='word_1_177' title='bbox 797 2324 938 2398; x_wconf 80' lang='lat' dir='ltr'>uolentes</span> <span class='ocrx_word' id='word_1_178' title='bbox 952 2347 1128 2410; x_wconf 87' lang='lat' dir='ltr'>occurrere,</span> <span class='ocrx_word' id='word_1_179' title='bbox 1148 2326 1288 2398; x_wconf 76' lang='lat' dir='ltr'>llfalsum</span> 
     </span>
    </p>

    <p class='ocr_par' dir='ltr' id='par_1_12' title="bbox 98 2413 598 2498">
     <span class='ocr_line' id='line_1_24' title="bbox 98 2413 598 2498; baseline -0.016 -16"><span class='ocrx_word' id='word_1_180' title='bbox 98 2417 202 2482; x_wconf 83' lang='lat' dir='ltr'>filium</span> <span class='ocrx_word' id='word_1_181' title='bbox 220 2413 384 2498; x_wconf 81' lang='lat' dir='ltr'>arguituri.</span> <span class='ocrx_word' id='word_1_182' title='bbox 409 2413 513 2477; x_wconf 85' lang='lat' dir='ltr'>Prisc.</span> <span class='ocrx_word' id='word_1_183' title='bbox 529 2414 549 2476; x_wconf 83' lang='lat' dir='ltr'>i.</span> <span class='ocrx_word' id='word_1_184' title='bbox 566 2433 598 2475; x_wconf 85' lang='lat' dir='ltr'>x.</span> 
     </span>
    </p>

    <p class='ocr_par' dir='ltr' id='par_1_13' title="bbox 143 2497 677 2567">
     <span class='ocr_line' id='line_1_25' title="bbox 143 2497 677 2567; baseline -0.011 0"><span class='ocrx_word' id='word_1_185' title='bbox 143 2503 194 2567; x_wconf 93' lang='lat' dir='ltr'>Ut</span> <span class='ocrx_word' id='word_1_186' title='bbox 209 2501 330 2567; x_wconf 86' lang='lat' dir='ltr'>actione</span> <span class='ocrx_word' id='word_1_187' title='bbox 345 2502 518 2562; x_wconf 82' lang='lat' dir='ltr'>desisteret</span> <span class='ocrx_word' id='word_1_188' title='bbox 544 2497 677 2564; x_wconf 66' lang='lat' dir='ltr'>Misus.</span> 
     </span>
    </p>

    <p class='ocr_par' dir='ltr' id='par_1_14' title="bbox 143 2584 530 2672">
     <span class='ocr_line' id='line_1_26' title="bbox 143 2584 530 2672; baseline -0.01 -20"><span class='ocrx_word' id='word_1_189' title='bbox 143 2589 298 2672; x_wconf 85' lang='lat' dir='ltr'>Vespera.</span> <span class='ocrx_word' id='word_1_190' title='bbox 321 2584 422 2662; x_wconf 82' lang='lat' dir='ltr'>Caris,</span> <span class='ocrx_word' id='word_1_191' title='bbox 439 2587 460 2648; x_wconf 81' lang='lat' dir='ltr'>l.</span> <span class='ocrx_word' id='word_1_192' title='bbox 476 2586 530 2651; x_wconf 81' lang='lat' dir='ltr'>xii.</span> 
     </span>
    </p>

    <p class='ocr_par' dir='ltr' id='par_1_15' title="bbox 145 2671 886 2756">
     <span class='ocr_line' id='line_1_27' title="bbox 145 2671 886 2756; baseline 0.003 -20"><span class='ocrx_word' id='word_1_193' title='bbox 145 2674 325 2756; x_wconf 82' lang='lat' dir='ltr'>Argentum</span> <span class='ocrx_word' id='word_1_194' title='bbox 341 2687 487 2736; x_wconf 89' lang='lat' dir='ltr'>mutuum</span> <span class='ocrx_word' id='word_1_195' title='bbox 503 2671 675 2736; x_wconf 81' lang='lat' dir='ltr'>arcessivit.</span> <span class='ocrx_word' id='word_1_196' title='bbox 697 2673 837 2739; x_wconf 76' lang='lat' dir='ltr'>Prisci·</span> <span class='ocrx_word' id='word_1_197' title='bbox 853 2695 886 2738; x_wconf 84' lang='lat' dir='ltr'>x.</span> 
     </span>
    </p>

    <p class='ocr_par' dir='ltr' id='par_1_16' title="bbox 98 2757 1307 2918">
     <span class='ocr_line' id='line_1_28' title="bbox 145 2757 1307 2907; baseline 0.01 -85"><span class='ocrx_word' id='word_1_198' title='bbox 145 2757 234 2907; x_wconf 60' lang='lat' dir='ltr'>Eam!</span> <span class='ocrx_word' id='word_1_199' title='bbox 239 2758 433 2822; x_wconf 86' lang='lat' dir='ltr'>deditionem</span> <span class='ocrx_word' id='word_1_200' title='bbox 446 2776 583 2838; x_wconf 86' lang='lat' dir='ltr'>senatus,</span> <span class='ocrx_word' id='word_1_201' title='bbox 594 2779 650 2844; x_wconf 88' lang='lat' dir='ltr'>per</span> <span class='ocrx_word' id='word_1_202' title='bbox 663 2758 932 2824; x_wconf 82' lang='lat' dir='ltr'>nuncios&#39;Orestis</span> <span class='ocrx_word' id='word_1_203' title='bbox 947 2759 1116 2846; x_wconf 83' lang='lat' dir='ltr'>cognitam,</span> <span class='ocrx_word' id='word_1_204' title='bbox 1128 2765 1288 2850; x_wconf 75' lang='lat' dir='ltr'>approbat.</span> <span class='ocrx_word' id='word_1_205' title='bbox 1302 2759 1307 2769; x_wconf 46' lang='lat'><em>²</em></span> 
     </span>
     <span class='ocr_line' id='line_1_29' title="bbox 98 2847 1080 2918; baseline -0.016 -7"><span class='ocrx_word' id='word_1_206' title='bbox 98 2847 204 2911; x_wconf 81' lang='lat' dir='ltr'>Prisc.</span> <span class='ocrx_word' id='word_1_207' title='bbox 233 2848 296 2906; x_wconf 87' lang='lat' dir='ltr'>.vi.</span> <span class='ocrx_word' id='word_1_208' title='bbox 796 2892 799 2909; x_wconf 66' lang='lat'>,</span> <span class='ocrx_word' id='word_1_209' title='bbox 863 2910 865 2918; x_wconf 46' lang='lat'>,</span> <span class='ocrx_word' id='word_1_210' title='bbox 1077 2887 1080 2895; x_wconf 77' lang='grc'>,</span> 
     </span>
    </p>

    <p class='ocr_par' dir='ltr' id='par_1_17' title="bbox 145 2929 1222 3013">
     <span class='ocr_line' id='line_1_30' title="bbox 145 2929 1222 3013; baseline 0.008 -19"><span class='ocrx_word' id='word_1_211' title='bbox 145 2931 222 3002; x_wconf 81' lang='lat' dir='ltr'>Nisi</span> <span class='ocrx_word' id='word_1_212' title='bbox 236 2933 298 3013; x_wconf 75' lang='lat' dir='ltr'>qui</span> <span class='ocrx_word' id='word_1_213' title='bbox 308 2929 426 2994; x_wconf 74' lang='lat' dir='ltr'>flumen</span> <span class='ocrx_word' id='word_1_214' title='bbox 440 2930 551 2998; x_wconf 87' lang='lat' dir='ltr'>Lurda</span> <span class='ocrx_word' id='word_1_215' title='bbox 565 2929 690 2996; x_wconf 84' lang='lat' dir='ltr'>iTauro</span> <span class='ocrx_word' id='word_1_216' title='bbox 701 2946 807 2996; x_wconf 88' lang='lat' dir='ltr'>monte</span> <span class='ocrx_word' id='word_1_217' title='bbox 819 2933 970 3000; x_wconf 86' lang='lat' dir='ltr'>defluens.</span> <span class='ocrx_word' id='word_1_218' title='bbox 993 2935 1086 3000; x_wconf 84' lang='lat' dir='ltr'>Idem.</span> <span class='ocrx_word' id='word_1_219' title='bbox 1101 2936 1222 3004; x_wconf 82' lang='lat' dir='ltr'>ibidem.</span> 
     </span>
    </p>
   </div>
   <div class='ocr_carea' id='block_1_3' title="bbox 638 3121 801 3174">
    <p class='ocr_par' dir='ltr' id='par_1_18' title="bbox 638 3121 801 3174">
     <span class='ocr_line' id='line_1_31' title="bbox 638 3121 801 3174; baseline 0.031 -4"><span class='ocrx_word' id='word_1_220' title='bbox 638 3121 754 3174; x_wconf 66' lang='lat' dir='ltr'>Nom.</span> <span class='ocrx_word' id='word_1_221' title='bbox 798 3155 801 3160; x_wconf 68' lang='lat'>,</span> 
     </span>
    </p>
   </div>
   <div class='ocr_carea' id='block_1_4' title="bbox 134 3271 1291 3344">
    <p class='ocr_par' dir='ltr' id='par_1_19' title="bbox 134 3271 1291 3344">
     <span class='ocr_line' id='line_1_32' title="bbox 134 3271 1291 3344; baseline 0.004 -18"><span class='ocrx_word' id='word_1_222' title='bbox 134 3273 340 3338; x_wconf 71' lang='lat' dir='ltr'>aDardom&#39;om]</span> <span class='ocrx_word' id='word_1_223' title='bbox 355 3272 439 3340; x_wconf 78' lang='lat' dir='ltr'>Regio</span> <span class='ocrx_word' id='word_1_224' title='bbox 451 3277 494 3324; x_wconf 88' lang='lat' dir='ltr'>est</span> <span class='ocrx_word' id='word_1_225' title='bbox 505 3287 586 3338; x_wconf 87' lang='lat' dir='ltr'>supra</span> <span class='ocrx_word' id='word_1_226' title='bbox 597 3274 685 3325; x_wconf 84' lang='lat' dir='ltr'>Mace·</span> <span class='ocrx_word' id='word_1_227' title='bbox 714 3321 716 3331; x_wconf 79' lang='grc'>,</span> <span class='ocrx_word' id='word_1_228' title='bbox 739 3271 879 3339; x_wconf 64' lang='lat' dir='ltr'>imane]</span> <span class='ocrx_word' id='word_1_229' title='bbox 891 3273 979 3326; x_wconf 87' lang='lat' dir='ltr'>Minos</span> <span class='ocrx_word' id='word_1_230' title='bbox 988 3289 1037 3328; x_wconf 80' lang='lat' dir='ltr'>rex</span> <span class='ocrx_word' id='word_1_231' title='bbox 1045 3271 1096 3326; x_wconf 79' lang='lat' dir='ltr'>fuit</span> <span class='ocrx_word' id='word_1_232' title='bbox 1105 3278 1200 3334; x_wconf 80' lang='lat' dir='ltr'>Cretae.</span> <span class='ocrx_word' id='word_1_233' title='bbox 1209 3280 1291 3344; x_wconf 79' lang='lat' dir='ltr'>quarta</span> 
     </span>
    </p>
   </div>
   <div class='ocr_carea' id='block_1_5' title="bbox 97 3340 1331 4478">
    <p class='ocr_par' dir='ltr' id='par_1_20' title="bbox 98 3340 1293 3410">
     <span class='ocr_line' id='line_1_33' title="bbox 98 3340 1293 3410; baseline 0.002 -16"><span class='ocrx_word' id='word_1_234' title='bbox 98 3341 217 3398; x_wconf 86' lang='lat' dir='ltr'>doniam,</span> <span class='ocrx_word' id='word_1_235' title='bbox 227 3345 259 3390; x_wconf 83' lang='lat' dir='ltr'>ad</span> <span class='ocrx_word' id='word_1_236' title='bbox 271 3343 486 3404; x_wconf 83' lang='lat' dir='ltr'>septentrionem.</span> <span class='ocrx_word' id='word_1_237' title='bbox 705 3340 740 3390; x_wconf 92' lang='lat' dir='ltr'>ob</span> <span class='ocrx_word' id='word_1_238' title='bbox 750 3343 879 3407; x_wconf 85' lang='lat' dir='ltr'>insignem</span> <span class='ocrx_word' id='word_1_239' title='bbox 904 3341 1035 3401; x_wconf 86' lang='lat' dir='ltr'>ustitiam,</span> <span class='ocrx_word' id='word_1_240' title='bbox 1040 3341 1161 3410; x_wconf 89' lang='lat' dir='ltr'>judicem</span> <span class='ocrx_word' id='word_1_241' title='bbox 1173 3345 1243 3410; x_wconf 88' lang='lat' dir='ltr'>apud</span> <span class='ocrx_word' id='word_1_242' title='bbox 1254 3346 1293 3396; x_wconf 92' lang='lat' dir='ltr'>in·</span> 
     </span>
    </p>

    <p class='ocr_par' dir='ltr' id='par_1_21' title="bbox 100 3359 1292 3544">
     <span class='ocr_line' id='line_1_34' title="bbox 134 3359 1076 3472; baseline 0 -14"><span class='ocrx_word' id='word_1_243' title='bbox 134 3407 152 3458; x_wconf 94' lang='lat' dir='ltr'>b</span> <span class='ocrx_word' id='word_1_244' title='bbox 166 3405 270 3472; x_wconf 73' lang='lat' dir='ltr'>Corra]</span> <span class='ocrx_word' id='word_1_245' title='bbox 290 3411 329 3458; x_wconf 86' lang='lat' dir='ltr'>De</span> <span class='ocrx_word' id='word_1_246' title='bbox 341 3408 455 3460; x_wconf 80' lang='lat' dir='ltr'>Corsicae</span> <span class='ocrx_word' id='word_1_247' title='bbox 472 3405 562 3458; x_wconf 81' lang='lat' dir='ltr'>insuite</span> <span class='ocrx_word' id='word_1_248' title='bbox 574 3405 683 3456; x_wconf 80' lang='lat' dir='ltr'>exordio</span> <span class='ocrx_word' id='word_1_249' title='bbox 705 3405 776 3458; x_wconf 84' lang='lat' dir='ltr'>ieros</span> <span class='ocrx_word' id='word_1_250' title='bbox 789 3413 874 3471; x_wconf 72' lang='lat' dir='ltr'>potita</span> <span class='ocrx_word' id='word_1_251' title='bbox 885 3359 994 3460; x_wconf 76' lang='lat' dir='ltr'>debuisti</span> <span class='ocrx_word' id='word_1_252' title='bbox 1006 3419 1076 3460; x_wconf 87' lang='lat' dir='ltr'>sunt.</span> 
     </span>
     <span class='ocr_line' id='line_1_35' title="bbox 100 3474 1292 3544; baseline 0.002 -18"><span class='ocrx_word' id='word_1_253' title='bbox 100 3474 199 3540; x_wconf 81' lang='lat' dir='ltr'>agitur.</span> <span class='ocrx_word' id='word_1_254' title='bbox 739 3491 759 3541; x_wconf 88' lang='lat' dir='ltr'>g</span> <span class='ocrx_word' id='word_1_255' title='bbox 780 3475 920 3540; x_wconf 58' lang='lat' dir='ltr'>Bithynum]</span> <span class='ocrx_word' id='word_1_256' title='bbox 941 3477 1011 3526; x_wconf 78' lang='lat' dir='ltr'>Asiae</span> <span class='ocrx_word' id='word_1_257' title='bbox 1032 3478 1142 3528; x_wconf 87' lang='lat' dir='ltr'>minoris</span> <span class='ocrx_word' id='word_1_258' title='bbox 1159 3475 1292 3544; x_wconf 64' lang='lat' dir='ltr'>regimini</span> 
     </span>
    </p>

    <p class='ocr_par' dir='ltr' id='par_1_22' title="bbox 97 3539 1293 3740">
     <span class='ocr_line' id='line_1_36' title="bbox 134 3539 922 3608; baseline -0.001 -18"><span class='ocrx_word' id='word_1_259' title='bbox 134 3557 150 3590; x_wconf 91' lang='lat' dir='ltr'>c</span> <span class='ocrx_word' id='word_1_260' title='bbox 163 3539 254 3606; x_wconf 76' lang='lat' dir='ltr'>Num]</span> <span class='ocrx_word' id='word_1_261' title='bbox 280 3545 317 3592; x_wconf 72' lang='lat' dir='ltr'>dt</span> <span class='ocrx_word' id='word_1_262' title='bbox 327 3539 399 3592; x_wconf 85' lang='lat' dir='ltr'>istud</span> <span class='ocrx_word' id='word_1_263' title='bbox 409 3539 585 3608; x_wconf 81' lang='lat' dir='ltr'>irrgmentum</span> <span class='ocrx_word' id='word_1_264' title='bbox 596 3555 630 3590; x_wconf 80' lang='lat' dir='ltr'>ex</span> <span class='ocrx_word' id='word_1_265' title='bbox 642 3556 684 3590; x_wconf 92' lang='lat' dir='ltr'>eo·</span> <span class='ocrx_word' id='word_1_266' title='bbox 707 3543 922 3606; x_wconf 80' lang='lat' dir='ltr'>septentrionem.</span> 
     </span>
     <span class='ocr_line' id='line_1_37' title="bbox 97 3605 1292 3676; baseline 0.003 -16"><span class='ocrx_word' id='word_1_267' title='bbox 97 3605 162 3660; x_wconf 83' lang='lat' dir='ltr'>dem</span> <span class='ocrx_word' id='word_1_268' title='bbox 175 3608 277 3659; x_wconf 88' lang='lat' dir='ltr'>isidoro</span> <span class='ocrx_word' id='word_1_269' title='bbox 291 3609 383 3662; x_wconf 83' lang='lat' dir='ltr'>studet</span> <span class='ocrx_word' id='word_1_270' title='bbox 393 3623 490 3676; x_wconf 82' lang='lat' dir='ltr'>augere</span> <span class='ocrx_word' id='word_1_271' title='bbox 504 3610 602 3658; x_wconf 84' lang='lat' dir='ltr'>Douza.</span> <span class='ocrx_word' id='word_1_272' title='bbox 632 3607 685 3658; x_wconf 87' lang='lat' dir='ltr'>Sed</span> <span class='ocrx_word' id='word_1_273' title='bbox 741 3607 897 3673; x_wconf 61' lang='lat' dir='ltr'>aaaron]</span> <span class='ocrx_word' id='word_1_274' title='bbox 914 3606 1021 3672; x_wconf 76' lang='lat' dir='ltr'>Optimi</span> <span class='ocrx_word' id='word_1_275' title='bbox 1035 3609 1069 3659; x_wconf 90' lang='lat' dir='ltr'>de</span> <span class='ocrx_word' id='word_1_276' title='bbox 1081 3609 1157 3660; x_wconf 78' lang='lat' dir='ltr'>Nusir</span> <span class='ocrx_word' id='word_1_277' title='bbox 1171 3609 1292 3663; x_wconf 82' lang='lat' dir='ltr'>Nicome-</span> 
     </span>
     <span class='ocr_line' id='line_1_38' title="bbox 98 3673 1293 3740; baseline 0.003 -14"><span class='ocrx_word' id='word_1_278' title='bbox 98 3673 168 3726; x_wconf 76' lang='lat' dir='ltr'>ninii</span> <span class='ocrx_word' id='word_1_279' title='bbox 181 3675 249 3724; x_wconf 83' lang='lat' dir='ltr'>certi</span> <span class='ocrx_word' id='word_1_280' title='bbox 261 3676 347 3727; x_wconf 81' lang='lat' dir='ltr'>video.</span> <span class='ocrx_word' id='word_1_281' title='bbox 707 3676 749 3726; x_wconf 86' lang='lat' dir='ltr'>dis</span> <span class='ocrx_word' id='word_1_282' title='bbox 765 3675 818 3725; x_wconf 84' lang='lat' dir='ltr'>filio</span> <span class='ocrx_word' id='word_1_283' title='bbox 836 3676 881 3724; x_wconf 82' lang='lat' dir='ltr'>bic</span> <span class='ocrx_word' id='word_1_284' title='bbox 899 3675 952 3740; x_wconf 80' lang='lat' dir='ltr'>agi,</span> <span class='ocrx_word' id='word_1_285' title='bbox 963 3677 1113 3740; x_wconf 80' lang='lat' dir='ltr'>auspicatus</span> <span class='ocrx_word' id='word_1_286' title='bbox 1130 3683 1172 3726; x_wconf 88' lang='lat' dir='ltr'>est</span> <span class='ocrx_word' id='word_1_287' title='bbox 1192 3679 1293 3730; x_wconf 82' lang='lat' dir='ltr'>Douzs.</span> 
     </span>
    </p>

    <p class='ocr_par' dir='ltr' id='par_1_23' title="bbox 98 3741 1293 3877">
     <span class='ocr_line' id='line_1_39' title="bbox 134 3741 1293 3808; baseline 0.006 -16"><span class='ocrx_word' id='word_1_288' title='bbox 134 3742 154 3792; x_wconf 93' lang='lat' dir='ltr'>d</span> <span class='ocrx_word' id='word_1_289' title='bbox 174 3741 276 3804; x_wconf 56' lang='lat' dir='ltr'>uincta]</span> <span class='ocrx_word' id='word_1_290' title='bbox 299 3743 375 3802; x_wconf 80' lang='lat' dir='ltr'>Qttia,</span> <span class='ocrx_word' id='word_1_291' title='bbox 395 3742 508 3803; x_wconf 85' lang='lat' dir='ltr'>scilieet,</span> <span class='ocrx_word' id='word_1_292' title='bbox 531 3741 684 3792; x_wconf 74' lang='lat' dir='ltr'>luxuriante</span> <span class='ocrx_word' id='word_1_293' title='bbox 709 3743 777 3807; x_wconf 61' lang='lat' dir='ltr'>iside</span> <span class='ocrx_word' id='word_1_294' title='bbox 789 3743 822 3792; x_wconf 69' lang='lat' dir='ltr'>ei</span> <span class='ocrx_word' id='word_1_295' title='bbox 834 3743 868 3792; x_wconf 90' lang='lat' dir='ltr'>de</span> <span class='ocrx_word' id='word_1_296' title='bbox 880 3757 907 3792; x_wconf 89' lang='lat' dir='ltr'>re</span> <span class='ocrx_word' id='word_1_297' title='bbox 924 3741 1065 3808; x_wconf 84' lang='lat' dir='ltr'>epistolam</span> <span class='ocrx_word' id='word_1_298' title='bbox 1079 3743 1245 3798; x_wconf 83' lang='lat' dir='ltr'>Mithridatis</span> <span class='ocrx_word' id='word_1_299' title='bbox 1257 3747 1293 3798; x_wconf 85' lang='lat' dir='ltr'>ad</span> 
     </span>
     <span class='ocr_line' id='line_1_40' title="bbox 98 3805 1135 3877; baseline -0.003 -16"><span class='ocrx_word' id='word_1_300' title='bbox 98 3809 182 3862; x_wconf 71' lang='lat' dir='ltr'>berbi</span> <span class='ocrx_word' id='word_1_301' title='bbox 196 3805 305 3874; x_wconf 74' lang='lat' dir='ltr'>egregii</span> <span class='ocrx_word' id='word_1_302' title='bbox 318 3820 408 3873; x_wconf 87' lang='lat' dir='ltr'>pastus</span> <span class='ocrx_word' id='word_1_303' title='bbox 420 3817 487 3860; x_wconf 75' lang='lat' dir='ltr'>ern.</span> <span class='ocrx_word' id='word_1_304' title='bbox 709 3812 843 3859; x_wconf 80' lang='lat' dir='ltr'>Arsacem.</span> <span class='ocrx_word' id='word_1_305' title='bbox 1131 3859 1135 3877; x_wconf 51' lang='lat'>,</span> 
     </span>
    </p>

    <p class='ocr_par' dir='ltr' id='par_1_24' title="bbox 99 3875 1331 4478">
     <span class='ocr_line' id='line_1_41' title="bbox 134 3875 1292 3941; baseline 0.003 -14"><span class='ocrx_word' id='word_1_306' title='bbox 134 3893 150 3927; x_wconf 89' lang='lat' dir='ltr'>e</span> <span class='ocrx_word' id='word_1_307' title='bbox 171 3876 320 3939; x_wconf 73' lang='lat' dir='ltr'>Deciatum]</span> <span class='ocrx_word' id='word_1_308' title='bbox 344 3876 427 3929; x_wconf 80' lang='lat' dir='ltr'>Faber</span> <span class='ocrx_word' id='word_1_309' title='bbox 448 3875 499 3926; x_wconf 76' lang='lat' dir='ltr'>fuit</span> <span class='ocrx_word' id='word_1_310' title='bbox 516 3875 684 3926; x_wconf 74' lang='lat' dir='ltr'>Atheniensis</span> <span class='ocrx_word' id='word_1_311' title='bbox 739 3875 873 3941; x_wconf 75' lang='lat' dir='ltr'>iTamn]</span> <span class='ocrx_word' id='word_1_312' title='bbox 892 3877 970 3926; x_wconf 87' lang='lat' dir='ltr'>Mons</span> <span class='ocrx_word' id='word_1_313' title='bbox 994 3885 1036 3928; x_wconf 85' lang='lat' dir='ltr'>est</span> <span class='ocrx_word' id='word_1_314' title='bbox 1052 3880 1156 3930; x_wconf 85' lang='lat' dir='ltr'>Taurus</span> <span class='ocrx_word' id='word_1_315' title='bbox 1174 3879 1292 3930; x_wconf 86' lang='lat' dir='ltr'>omnium</span> 
     </span>
     <span class='ocr_line' id='line_1_42' title="bbox 99 3942 1293 4076; baseline 0.005 -18"><span class='ocrx_word' id='word_1_316' title='bbox 99 3942 686 4076; x_wconf 48' lang='lat' dir='ltr'>itttssttitttttsimitaritia&amp;</span> <span class='ocrx_word' id='word_1_317' title='bbox 708 3943 1293 4076; x_wconf 56' lang='lat' dir='ltr'>&#39;titi&#39;tttttttittttitttttt.</span> 
     </span>
     <span class='ocr_line' id='line_1_43' title="bbox 102 4027 1331 4143; baseline 0 -15"><span class='ocrx_word' id='word_1_318' title='bbox 102 4047 294 4143; x_wconf 64' lang='lat' dir='ltr'>antennasna’vi</span> <span class='ocrx_word' id='word_1_319' title='bbox 305 4079 414 4142; x_wconf 71' lang='lat' dir='ltr'>aptisse</span> <span class='ocrx_word' id='word_1_320' title='bbox 425 4075 536 4134; x_wconf 60' lang='lat' dir='ltr'>dicisum</span> <span class='ocrx_word' id='word_1_321' title='bbox 547 4075 616 4127; x_wconf 87' lang='lat' dir='ltr'>unde</span> <span class='ocrx_word' id='word_1_322' title='bbox 626 4074 684 4142; x_wconf 80' lang='lat' dir='ltr'>ejus</span> <span class='ocrx_word' id='word_1_323' title='bbox 707 4079 791 4128; x_wconf 84' lang='lat' dir='ltr'>altera</span> <span class='ocrx_word' id='word_1_324' title='bbox 811 4093 869 4143; x_wconf 84' lang='lat' dir='ltr'>quse</span> <span class='ocrx_word' id='word_1_325' title='bbox 894 4077 928 4126; x_wconf 83' lang='lat' dir='ltr'>sd</span> <span class='ocrx_word' id='word_1_326' title='bbox 951 4048 1161 4142; x_wconf 51' lang='lat' dir='ltr'>septentrionem,</span> <span class='ocrx_word' id='word_1_327' title='bbox 1177 4027 1331 4142; x_wconf 53' lang='lat' dir='ltr'>instat...</span> 
     </span>
     <span class='ocr_line' id='line_1_44' title="bbox 101 4142 1310 4210; baseline 0.004 -18"><span class='ocrx_word' id='word_1_328' title='bbox 101 4142 274 4194; x_wconf 81' lang='lat' dir='ltr'>alarumnsta</span> <span class='ocrx_word' id='word_1_329' title='bbox 290 4144 439 4195; x_wconf 81' lang='lat' dir='ltr'>estsabula.</span> <span class='ocrx_word' id='word_1_330' title='bbox 473 4146 511 4193; x_wconf 87' lang='lat' dir='ltr'>Dc</span> <span class='ocrx_word' id='word_1_331' title='bbox 525 4143 685 4210; x_wconf 80' lang='lat' dir='ltr'>Labyrintbo</span> <span class='ocrx_word' id='word_1_332' title='bbox 710 4145 773 4196; x_wconf 81' lang='lat' dir='ltr'>Asia</span> <span class='ocrx_word' id='word_1_333' title='bbox 791 4145 859 4194; x_wconf 87' lang='lat' dir='ltr'>intra</span> <span class='ocrx_word' id='word_1_334' title='bbox 879 4148 1015 4204; x_wconf 66' lang='lat' dir='ltr'>Taurumt</span> <span class='ocrx_word' id='word_1_335' title='bbox 1036 4148 1119 4197; x_wconf 81' lang='lat' dir='ltr'>altera</span> <span class='ocrx_word' id='word_1_336' title='bbox 1138 4159 1196 4210; x_wconf 81' lang='lat' dir='ltr'>quae</span> <span class='ocrx_word' id='word_1_337' title='bbox 1215 4143 1310 4198; x_wconf 59' lang='lat' dir='ltr'>meri&#39;ss‘</span> 
     </span>
     <span class='ocr_line' id='line_1_45' title="bbox 100 4207 1209 4274; baseline 0.004 -16"><span class='ocrx_word' id='word_1_338' title='bbox 100 4207 174 4259; x_wconf 76' lang='lat' dir='ltr'>verb,</span> <span class='ocrx_word' id='word_1_339' title='bbox 189 4223 266 4274; x_wconf 85' lang='lat' dir='ltr'>quern</span> <span class='ocrx_word' id='word_1_340' title='bbox 286 4213 371 4262; x_wconf 85' lang='lat' dir='ltr'>Minoi</span> <span class='ocrx_word' id='word_1_341' title='bbox 390 4213 415 4260; x_wconf 89' lang='lat' dir='ltr'>in</span> <span class='ocrx_word' id='word_1_342' title='bbox 434 4212 515 4262; x_wconf 70' lang='lat' dir='ltr'>creti</span> <span class='ocrx_word' id='word_1_343' title='bbox 529 4211 613 4261; x_wconf 81' lang='lat' dir='ltr'>insula</span> <span class='ocrx_word' id='word_1_344' title='bbox 625 4225 685 4259; x_wconf 84' lang='lat' dir='ltr'>con·</span> <span class='ocrx_word' id='word_1_345' title='bbox 708 4211 789 4274; x_wconf 87' lang='lat' dir='ltr'>diem,</span> <span class='ocrx_word' id='word_1_346' title='bbox 804 4212 867 4266; x_wconf 79' lang='lat' dir='ltr'>Asia</span> <span class='ocrx_word' id='word_1_347' title='bbox 879 4220 957 4268; x_wconf 78' lang='lat' dir='ltr'>extra.</span> <span class='ocrx_word' id='word_1_348' title='bbox 967 4215 1085 4266; x_wconf 86' lang='lat' dir='ltr'>Taurum</span> <span class='ocrx_word' id='word_1_349' title='bbox 1096 4210 1209 4264; x_wconf 81' lang='lat' dir='ltr'>dicitutt</span> 
     </span>
     <span class='ocr_line' id='line_1_46' title="bbox 101 4275 685 4346; baseline 0 -20"><span class='ocrx_word' id='word_1_350' title='bbox 101 4275 211 4339; x_wconf 76' lang='lat' dir='ltr'>struxit,</span> <span class='ocrx_word' id='word_1_351' title='bbox 223 4276 290 4326; x_wconf 83' lang='lat' dir='ltr'>nihii</span> <span class='ocrx_word' id='word_1_352' title='bbox 306 4293 371 4342; x_wconf 86' lang='lat' dir='ltr'>opus</span> <span class='ocrx_word' id='word_1_353' title='bbox 390 4286 432 4329; x_wconf 88' lang='lat' dir='ltr'>est</span> <span class='ocrx_word' id='word_1_354' title='bbox 450 4279 533 4346; x_wconf 82' lang='lat' dir='ltr'>ioqui,</span> <span class='ocrx_word' id='word_1_355' title='bbox 547 4276 608 4328; x_wconf 81' lang='lat' dir='ltr'>cdm</span> <span class='ocrx_word' id='word_1_356' title='bbox 625 4275 685 4344; x_wconf 87' lang='lat' dir='ltr'>ejus</span> 
     </span>
     <span class='ocr_line' id='line_1_47' title="bbox 101 4341 686 4420; baseline 0.003 -28"><span class='ocrx_word' id='word_1_357' title='bbox 101 4341 284 4420; x_wconf 55' lang='lat' dir='ltr'>irremeabiles</span> <span class='ocrx_word' id='word_1_358' title='bbox 294 4345 348 4396; x_wconf 83' lang='lat' dir='ltr'>vias</span> <span class='ocrx_word' id='word_1_359' title='bbox 358 4345 429 4398; x_wconf 80' lang='lat' dir='ltr'>sama</span> <span class='ocrx_word' id='word_1_360' title='bbox 439 4346 511 4414; x_wconf 85' lang='lat' dir='ltr'>apud</span> <span class='ocrx_word' id='word_1_361' title='bbox 527 4359 617 4398; x_wconf 84' lang='lat' dir='ltr'>omnes</span> <span class='ocrx_word' id='word_1_362' title='bbox 630 4345 686 4397; x_wconf 82' lang='lat' dir='ltr'>rul-</span> 
     </span>
     <span class='ocr_line' id='line_1_48' title="bbox 100 4415 345 4478; baseline -0.004 -17"><span class='ocrx_word' id='word_1_363' title='bbox 100 4415 215 4478; x_wconf 78' lang='lat' dir='ltr'>gavertt.</span> <span class='ocrx_word' id='word_1_364' title='bbox 336 4443 345 4447; x_wconf 91' lang='lat'>--</span> 
     </span>
    </p>
   </div>
   <div class='ocr_carea' id='block_1_6' title="bbox 0 0 1527 5054">
    <p class='ocr_par' dir='ltr' id='par_1_25' title="bbox 0 0 1527 5054">
     <span class='ocr_line' id='line_1_49' title="bbox 0 0 1527 5054; baseline 0 0"><span class='ocrx_word' id='word_1_365' title='bbox 0 0 1527 5054; x_wconf 95' lang='lat' dir='ltr'> </span> 
     </span>
    </p>
   </div>
  </div>
 </body>
</html>
