3026 5056
193 267 255 326 226
597 257 666 324 AD
683 257 723 324 C.
739 255 973 322 CAESAREM

186 433 279 498 malo
292 432 451 508 esselicet,
463 429 659 497 formidatur.
681 431 741 494 ²ld
751 430 865 506 evenit,
874 429 948 512 quia
961 428 1101 513 plerique
1112 448 1222 496 rerum
1237 439 1378 516 potentes

194 516 341 602 perverse
358 519 536 586 consulunt:
559 532 592 578 ct
606 516 645 580 cd
661 539 695 580 ee
710 517 894 579 munitiores
909 530 1027 597 putant,
1040 537 1103 598 quo
1119 515 1177 596 illi,
1188 519 1305 600 quibus
1322 521 1378 583 im-

194 605 338 688 peritant,
352 602 540 685 bnequiores
555 602 657 665 luere.
697 603 745 664 At
759 598 865 663 contri
881 602 913 664 id
929 599 1003 662 eniti
1020 601 1126 664 decet:
1151 625 1226 666 cum
1244 606 1311 688 ipse
1326 607 1380 666 bo·

194 712 265 765 nus,
276 704 367 771 atque
380 683 526 752 ¹strenuus
541 689 596 764 sis,
609 683 657 750 uti
671 683 765 769 quim
780 685 907 770 optimis
922 683 1095 768 imperites.
1119 687 1208 751 Nam
1224 692 1382 772 pessimus

195 775 330 858 quisquo
341 769 510 856 asperrime
525 787 677 836 rectorem
689 773 815 854 patitur.
849 771 912 832 Sed
926 771 982 832 tibi
994 771 1054 833 hoc
1070 773 1199 856 gravius
1210 791 1270 855 est,
1285 775 1381 858 quim

193 877 265 922 ante
290 878 321 923 te
345 859 501 934 omnibus,
520 858 616 920 armis
643 875 730 940 parto
755 876 952 940 componere.
997 857 1123 920 Bellum
1147 857 1281 924 aliorum
1306 883 1382 944 pace

195 947 341 1008 cmollius
361 944 502 1028 gessisti:
526 942 640 1006 adhoc
656 943 790 1004 victores
808 942 946 1024 praedam
968 955 1090 1025 petunt,
1104 943 1180 1007 victi
1197 945 1282 1008 cives
1297 948 1380 1010 suut.

196 1032 284 1094 Inter
303 1031 358 1092 has
373 1029 568 1092 difficultates
589 1025 811 1091 devadendum
829 1043 877 1088 est
897 1026 972 1099 tibi;
995 1044 1089 1110 atque
1105 1027 1138 1092 iu
1155 1044 1312 1112 posterum
1330 1033 1381 1093 fir·

194 1118 310 1180 manda
333 1137 414 1197 resp.
435 1135 497 1176 oon
518 1113 613 1176 armis
633 1112 742 1190 modd,
762 1133 863 1194 neque
880 1113 1047 1174 adversum
1067 1113 1187 1193 hostes,
1205 1117 1271 1194 sed,
1289 1116 1379 1200 qudd

171 1225 178 1237 ·
194 1202 296 1266 multo
310 1200 424 1284 majus,
439 1198 603 1281 multdque
614 1199 755 1280 asperius
770 1214 828 1272 est,
838 1198 928 1262 bonis
942 1197 1026 1279 pacis
1042 1199 1190 1264 ‘artibus
1215 1200 1300 1284 Ergo
1310 1224 1378 1265 om-

195 1308 252 1348 nes
267 1289 378 1368 magui
393 1283 627 1368 ‘mediocrique
639 1282 789 1365 sapientiai
804 1305 853 1344 res
867 1281 930 1346 huc
939 1297 1049 1345 vocat:
1066 1305 1136 1368 quae
1151 1287 1284 1369 quisque
1299 1289 1379 1370 opti·

194 1393 248 1434 ma
263 1386 374 1455 potest,
387 1367 433 1433 uti
450 1372 566 1434 dicant.
598 1369 649 1432 Ac
670 1367 748 1432 mihi
761 1370 807 1430 sic
822 1368 967 1443 videtum
990 1370 1208 1454 qualicumque
1231 1373 1326 1435 modo
1347 1389 1381 1436 tu

195 1457 360 1519 victoriam
375 1457 600 1538 composueris,
612 1456 656 1518 ita
670 1455 730 1516 alia
740 1451 846 1516 omnia
861 1454 976 1516 lutura.
1020 1454 1082 1518 Sed
1094 1455 1174 1540 jam,
1185 1455 1249 1539 qud
1263 1456 1382 1520 melicis

195 1541 383 1623 faciliusque
395 1542 575 1617 constituas,
583 1539 702 1624 paucis,
713 1562 782 1621 quae
791 1561 842 1600 me
854 1541 977 1603 animus
989 1557 1104 1618 monet,
1114 1542 1229 1626 accipe.
1253 1544 1382 1607 Bellum

195 1626 252 1688 tibi
268 1627 339 1701 fuit,
355 1627 540 1706 Imperator,
555 1647 626 1686 cum
650 1626 799 1686 momine
822 1626 916 1702 claro,
931 1625 1050 1706 magnis
1070 1629 1191 1710 opibus,
1206 1630 1303 1691 avido
1324 1649 1382 1711 po·

194 1711 313 1786 tentiae,
325 1710 442 1794 majore
459 1709 592 1785 fortuni,
604 1705 699 1789 quim
715 1711 883 1792 sapientiai:
899 1731 995 1791 quem
1008 1713 1106 1775 secuti
1120 1727 1191 1776 suut
1201 1715 1307 1796 pauci,
1322 1735 1383 1795 per

196 1817 286 1858 suam
302 1795 448 1878 injuriam
464 1795 520 1856 tibi
537 1795 676 1868 inimici;
699 1795 774 1858 item
790 1816 869 1878 quos
884 1795 1014 1858 affinitas
1029 1812 1082 1860 aut
1097 1797 1156 1860 alia
1170 1799 1383 1877 necessitudo,

194 1880 301 1944 traxit.
347 1880 434 1942 Nam
455 1881 609 1962 particeps
626 1880 848 1943 dominationis
870 1901 970 1962 neque
987 1880 1047 1944 fuit
1067 1884 1256 1964 quisquam3
1279 1905 1381 1965 neque

195 1966 246 2028 l¹si
269 1966 333 2049 psci
355 1966 517 2048 potuisset,
539 1966 624 2027 orbis
646 1965 799 2027 terrarum
822 1967 903 2032 bello
924 1986 1091 2030 concussus
1114 1967 1207 2030 foret.
1262 1969 1383 2033 Cretera

194 2051 366 2130 multitudo
381 2052 479 2133 vulgi,
495 2071 581 2114 more
602 2045 704 2132 magis
724 2047 818 2132 quim
837 2050 972 2134 judicio,
986 2068 1056 2134 post
1073 2053 1152 2116 alius
1169 2053 1274 2129 alium,
1289 2057 1379 2136 quasi

196 2139 444 2221 prudentiorem,
454 2135 564 2198 secuti.
610 2135 770 2199 Periclem
786 2152 910 2219 tempus
925 2133 1118 2202 imaledictis
1133 2139 1310 2220 iniquorum
1324 2162 1378 2203 oc-

196 2224 346 2305 cupandae
365 2221 443 2303 reip.
465 2222 498 2284 in
517 2241 606 2304 spem
627 2221 755 2284 adducti
777 2219 931 2298 hommes,
946 2223 1059 2303 quibus
1079 2227 1186 2288 omnia
1206 2224 1329 2303 probro,
1345 2247 1382 2288 ac

194 2307 320 2372 luxurii
345 2307 462 2390 polluta
484 2321 583 2380 erant,
601 2327 750 2372 concurre
771 2307 804 2369 iu
829 2323 929 2369 castra
954 2321 1027 2382 tua;
1055 2323 1087 2371 et
1113 2306 1220 2392 aperte
1243 2309 1383 2392 kquietis

197 2408 345 2469 mortem,
360 2393 494 2474 rapinas,
510 2390 669 2475 postremi)
691 2392 808 2470 omnio,
823 2412 892 2474 quae
914 2407 1079 2475 corruptus
1101 2397 1224 2459 animus
1243 2394 1383 2480 jubebat,
1423 2417 1426 2422 ·

201 2477 351 2542 minitari.
374 2472 428 2540 Ex
436 2479 509 2560 quis
518 2499 631 2563 magna
641 2498 725 2561 pars,
733 2477 786 2541 ubi
795 2497 897 2560 neque
908 2477 1081 2544 ¹creditum
1093 2481 1382 2566 condonare,ueque

640 2679 940 2731 lnTnnPnnTATm.

240 2838 313 2904 ¹Ex
333 2840 442 2926 quibus
462 2861 576 2924 magua
591 2853 682 2924 pars,
695 2844 747 2906 ubi
768 2845 873 2908 uident
894 2857 924 2908 te
943 2865 1039 2931 neque
1053 2847 1217 2932 pecuniam
1237 2848 1380 2912 creditam

197 2929 378 3008 condonare,
391 2938 446 2990 out
459 2947 553 2991 nouos
568 2929 684 2992 tabulas
692 2943 877 3014 proponere.

731 3131 846 3182 NOTAE.

231 3288 308 3354 alil]
325 3288 516 3354 Quddsoilioet,
528 3288 632 3357 qrdplle
639 3293 776 3360 percusos*
799 3310 860 3352 ces:
877 3295 977 3362 quippe
987 3295 1035 3364 qui
1043 3294 1163 3364 graviori
1180 3313 1262 3364 passu
1276 3314 1381 3368 progre-

196 3363 313 3411 mlelomr.
799 3361 904 3413 dientes
926 3367 960 3412 ed
985 3364 1125 3416 advertunt
1147 3380 1205 3432 quac
1228 3366 1381 3420 fervidiores

231 3427 247 3474 b
267 3422 429 3488 Nepru‘orer]
451 3423 482 3473 ld
499 3431 552 3486 est,
574 3427 678 3476 lmnriner
698 3429 777 3488 nilule',
799 3429 985 3492 preterierant.

197 3496 258 3554 puio
268 3495 336 3542 nullo
347 3502 404 3541 sum
414 3496 524 3550 viretum
543 3496 586 3556 qui
596 3495 658 3544 rutil
667 3510 712 3544 nec
720 3502 776 3558 por·
832 3497 1056 3560 guinemarum]
1068 3499 1182 3564 Pompeio
1193 3500 1310 3552 scilicet.
1384 3541 1388 3547 .

197 3561 427 3614 rrmtmecoudem.
831 3559 975 3626 horpale]
986 3567 1114 3616 Testatur
1124 3567 1227 3628 Florus,
1239 3583 1325 3633 neque
1337 3582 1381 3633 pa-

227 3624 382 3688 cMollius]
395 3625 490 3676 Caesari
503 3629 659 3677 assentatur.
768 3687 771 3696 .
798 3641 854 3678 rem
871 3631 1040 3695 Pompeium
1056 3635 1315 3700 nequesuperioretu
1328 3639 1381 3685 Ca·

228 3689 248 3736 d
260 3690 446 3756 andendum]
463 3691 557 3752 idest,
570 3695 718 3756 Rer'publicae
728 3692 775 3753 ird,
798 3709 882 3744 sarem
896 3695 965 3747 ferre
977 3699 1104 3764 potuisse.

196 3764 225 3806 ut
236 3765 260 3803 et
270 3757 315 3804 tibi
327 3761 445 3818 cornulas,
451 3762 637 3822 procidendum.
740 3777 742 3781 ’
831 3761 839 3810 i
852 3761 1023 3828 Maledictis]
1034 3768 1091 3816 lloc
1102 3763 1177 3826 uteie,
1190 3766 1288 3818 multos
1299 3763 1333 3816 ed
1344 3766 1381 3816 nd

228 3821 385 3883 estrimes]
403 3827 499 3887 Legum
511 3829 661 3890 optimarum,
673 3842 736 3890 qum
747 3837 774 3878 tu
797 3830 906 3880 Caesaris
930 3841 1019 3895 partes
1041 3831 1171 3882 edduetos
1191 3831 1285 3892 fuisse,
1304 3830 1382 3897 qudd

195 3890 311 3940 sumeris
324 3890 496 3950 crematione,
510 3902 534 3941 et
546 3896 719 3943 medicatione.
798 3894 933 3947 malevolis
942 3897 1111 3962 quibusdam,
1122 3898 1167 3964 qui
1184 3912 1246 3950 eum
1259 3899 1382 3962 rempub-

227 3954 242 4004 f
250 3956 444 4018 Maurosque]
458 3956 513 4006 Sibi
526 3958 579 4023 ipsi
589 3959 659 4009 viam
670 3959 773 4020 sternit,
798 3961 873 4012 licam
892 3971 1083 4028 occupaturum
1100 3963 1288 4030 predicabant,
1300 3961 1380 4016 finem

193 4037 226 4074 ne
235 4020 405 4086 impudentur
411 4020 697 4096 iecisseridestur,qui
705 4027 773 4092 prin-
796 4027 937 4089 habet-enm
954 4039 983 4081 et
994 4045 1043 4096 per
1053 4029 1111 4098 ejus
1122 4032 1235 4098 gratiam
1247 4047 1277 4082 se
1289 4035 1382 4096 poten·

192 4089 248 4153 cipi
268 4087 406 4138 consulere
427 4100 534 4154 satagat.
568 4095 656 4156 Atque
673 4094 773 4156 optimo
796 4106 973 4148 tescvasuros
985 4104 1129 4163 sperarent.

191 4155 360 4206 illudamento
370 4154 479 4204 nititur:
495 4159 626 4208 nonenim
639 4159 771 4208 minimam
828 4161 847 4211 k
864 4161 982 4230 queris]
1001 4165 1087 4241 dspui
1097 4166 1171 4218 nullis
1180 4166 1297 4232 parribus
1307 4173 1380 4216 erunt

192 4229 318 4286 praestant
337 4221 475 4287 aliquando
496 4225 647 4288 reipublicae
667 4239 771 4289 operam
796 4231 900 4282 auderi.

190 4287 240 4354 qui
255 4286 399 4342 traditores
414 4296 486 4352 sunt,
496 4297 525 4342 et
540 4289 626 4344 minus
643 4293 772 4358 perspice·
