3070 5034
459 935 678 1015 PETRUS
705 934 939 1016 CRINITU
943 937 983 1008 S.

628 1210 747 1256 'DE

533 1443 915 1574 fflsroutots

706 1737 749 1784 Ao

422 1973 779 2097 eudromius
799 1971 1042 2066 murnum.

598 2245 873 2288 m!-

831 2437 844 2466 N

218 2479 382 2556 bursius
398 2477 558 2540 Sallustius
571 2475 725 2538 Amiterni
744 2485 833 2537 natus
853 2473 988 2544 traditur,
1000 2476 1030 2534 in
1051 2493 1124 2554 agro
1143 2474 1261 2548 Sabino,
1273 2499 1332 2557 qao

137 2581 215 2624 anno
230 2559 465 2622 Atheniensium
480 2555 579 2618 uruat
593 2559 629 2616 L.
641 2557 726 2619 sntta
740 2554 866 2625 devicta,
881 2569 968 2632 atque
982 2568 1092 2616 vastata
1105 2569 1161 2627 est,
1175 2569 1208 2618 ut
1223 2558 1333 2618 Roma·

139 2645 170 2703 ni
183 2643 305 2702 annates
319 2639 471 2707 referuntt
488 2657 528 2698 ex
538 2636 632 2709 nubili
647 2633 856 2695 sallustiorum
868 2635 981 2698 familis
992 2647 1075 2696 ortus
1089 2648 1145 2706 est,
1159 2655 1226 2712 quae
1241 2633 1293 2696 diti
1303 2637 1334 2697 in

140 2722 274 2782 secundo
288 2717 392 2778 ordine
405 2717 584 2792 dignitatem
597 2714 736 2784 servarit,
746 2714 888 2789 idemque
904 2711 934 2772 in
949 2715 1023 2772 urbe
1034 2715 1178 2774 educatus
1191 2716 1335 2786 creditur,

139 2813 173 2860 et
184 2800 203 2858 d
213 2797 325 2860 teneris
335 2795 419 2855 annis
432 2811 556 2870 operatu
567 2811 602 2852 ao
611 2793 744 2860 studium
756 2791 941 2868 impendisse
949 2794 1071 2868 optimis
1081 2792 1265 2870 disciplinis:
1281 2799 1336 2856 sed

139 2879 215 2938 crim
227 2879 259 2938 in
274 2893 310 2936 aa
322 2885 460 2950 tempora
473 2871 638 2944 incidisset,
652 2873 760 2950 quibus
774 2872 907 2949 corrupti
922 2872 1032 2932 civium
1052 2891 1153 2934 mores
1168 2873 1256 2934 variis
1271 2893 1338 2950 par·

140 2959 223 3018 tibus
237 2969 326 3031 atque
343 2949 519 3016 fastimibus
536 2952 645 3022 forent,
657 2970 755 3028 neque
770 2949 870 3010 virtuti
883 2948 1020 3027 praemia,
1033 2964 1084 3012 aut
1103 2951 1188 3010 bonis
1207 2951 1339 3032 ingeniis

141 3039 295 3103 adessent,
308 3033 339 3092 in
349 3051 410 3092 tam
420 3034 580 3107 depravati
592 3031 721 3102 civitate,
731 3029 809 3108 quod
823 3030 906 3090 idern
922 3029 1082 3092 Sallustius
1096 3031 1215 3102 fatetur,
1223 3035 1338 3094 victum

142 3114 213 3194 ejus
222 3111 381 3190 ingenium
396 3110 605 3186 voluptatibus,
618 3110 705 3176 facile
720 3110 886 3172 succubuit.
921 3109 1024 3186 Itaque
1040 3108 1111 3168 otim
1125 3113 1162 3170 ad
1176 3130 1273 3190 remp.
1284 3129 1339 3189 pro

144 3205 232 3255 aetate
248 3193 325 3253 foret
339 3192 465 3261 delatus,
475 3205 599 3268 propter
613 3191 724 3250 civium
739 3190 962 3266 improbitatem
976 3201 1008 3248 et
1018 3188 1173 3260 medones,
1186 3193 1280 3252 multa
1290 3193 1341 3250 ad-

139 3271 381 3350 ·‘rersapertuiitr
396 3289 465 3331 nam
476 3283 541 3330 tum
550 3268 703 3346 praecjpud
715 3268 850 3330 surianis
857 3267 990 3345 partibus
1000 3268 1110 3330 intecta
1120 3270 1224 3338 civitas
1235 3284 1341 3331 aestua·

31 3415 32 3430 ,
142 3355 201 3410 bat.
223 3351 401 3416 Constabox
415 3361 552 3410 veterum
567 3348 801 3418 commentariis,
816 3347 990 3410 Sallustium
1002 3350 1103 3424 ipsum
1117 3349 1342 3426 ingeniofuisse
1392 3339 1395 3346 ⁴

143 3431 220 3498 aori,
231 3441 263 3489 ot
275 3423 307 3488 in
322 3429 427 3490 studiis
437 3428 592 3488 literarum
607 3442 832 3498 saturatorum
846 3426 978 3490 maximi
993 3426 1192 3488 inscribendi
1207 3427 1340 3491 historia.

31 3535 33 3590 1
144 3510 374 3584 Praeceptorem
388 3508 492 3568 habuit
510 3507 590 3568 inter
604 3510 678 3568 alios
693 3509 818 3570 Ateium
839 3509 1066 3582 Praetextatum,
1079 3506 1132 3583 qui
1148 3505 1343 3582 Philologum

147 3605 182 3644 se
196 3587 367 3664 appellavit,
381 3601 412 3652 et
425 3589 462 3652 ab
477 3607 513 3648 eo
523 3587 648 3648 edoctus
662 3601 709 3649 est
723 3590 761 3646 de
777 3587 889 3650 ratione
905 3601 986 3646 reete
1002 3585 1167 3654 scribendi;
1188 3597 1222 3646 ut
1237 3586 1342 3650 riSuc·

145 3667 228 3726 tonio
243 3667 421 3744 Tranquillo
440 3667 576 3736 traditur,
589 3667 641 3744 qui
660 3682 691 3728 et
706 3666 848 3728 Asinium
862 3683 981 3744 quoque
1002 3665 1170 3724 Pollionem
1191 3667 1293 3728 scribit
1308 3673 1344 3728 ab

148 3747 258 3810 ¹eodem
272 3745 455 3812 Praetestato
469 3745 632 3815 eruditum,
646 3759 733 3824 atque
748 3746 931 3806 instructum
941 3768 949 3816 ;
961 3741 1095 3806 maximi
1109 3757 1211 3806 autem
1226 3747 1271 3806 Μ.
1287 3748 1345 3806 Ca·

115 3867 119 3874 -
147 3823 225 3908 tonis
240 3823 397 3890 studiosus
410 3825 485 3892 fuit:
512 3843 551 3884 ex
572 3826 661 3904 cujus
680 3825 905 3888 commentariis
923 3827 1015 3884 verba
1033 3825 1196 3900 excerpsit,
1211 3838 1243 3886 et
1262 3829 1346 3888 velut

148 3903 332 3962 breviarium
347 3905 384 3963 ad
404 3923 494 3968 usum
515 3905 670 3981 proprium
687 3906 804 3970 habuitt
825 3907 904 3982 quod
920 3904 1066 3966 Octavius
1083 3923 1202 3981 quoque
1217 3907 1299 3982 Aug.
1315 3907 1347 3966 in

150 3985 278 4058 epistola
289 3984 326 4042 ad
341 3983 387 4050 Μ.
400 3983 577 4055 Antonium,
589 3985 702 4054 referti
715 3986 746 4044 in
758 3987 819 4063 qui
829 3985 930 4061 ipsum
944 3983 1122 4054 Antonium,
1130 4001 1188 4042 eeu
1199 3983 1348 4044 insanien·

151 4073 213 4122 tom
233 4062 379 4138 increpat,
392 4061 472 4138 qubd
492 4081 528 4120 ea
547 4065 679 4142 scribere
701 4067 802 4134 vellet,
816 4081 885 4142 quae
906 4066 1053 4124 mirentur
1073 4061 1173 4138 potius
1198 4062 1346 4137 homines,

152 4158 243 4214 quarn
257 4159 325 4216 quae
340 4140 518 4218 intelligant.
560 4145 621 4203 Sed
634 4143 756 4204 interim
767 4147 804 4204 ad
818 4143 951 4204 Sallustii
962 4146 1203 4202 commentarios.
1243 4141 1348 4206 Histo-

149 4219 229 4279 riam
239 4219 409 4296 conposuit
423 4223 461 4280 de
476 4223 512 4280 L.
527 4221 664 4284 Catilinae
678 4222 881 4302 conjuratione
895 4217 1050 4282 contra'R.
1066 4223 1221 4292 Senatum,
1231 4233 1262 4282 et
1272 4223 1348 4286 item

153 4299 191 4360 de
206 4299 284 4370 beilo
296 4299 468 4378 Jugurthae,
483 4301 536 4377 qui
556 4301 712 4363 Numidiae
733 4322 789 4362 rex
803 4303 910 4374 factus,
924 4301 977 4362 diti
991 4314 1093 4362 contra
1107 4301 1259 4362 Romanos
1272 4317 1349 4380 stre,

154 4395 213 4438 nue
228 4392 295 4446 rotn
310 4379 413 4462 gessit.
455 4380 623 4444 Historiam
634 4397 780 4466 praeterea
793 4384 832 4444 de
847 4383 1054 4463 Romanorum
1069 4383 1174 4460 gestiat
1183 4399 1218 4444 ut
1230 4383 1268 4444 de
1281 4370 1349 4463 Mser
