3034 5054
234 367 240 377 .
334 363 350 398 0
422 303 626 372 BELLUM
648 303 1025 391 JUGURTHINUM.
1253 315 1313 389 tzt

129 488 196 544 tate
215 469 463 552 babuisset,tum
478 477 545 542 fore
568 476 616 542 uti
634 481 727 563 jussu
742 478 774 542 S.
796 481 834 542 Ρ.
854 475 898 554 Q.
913 477 954 543 R.
969 477 1070 544 fedus
1085 477 1189 555 fierets
1210 501 1314 566 neque

130 561 293 627 bominem
307 563 453 640 nobilem,
469 585 530 626 non
548 567 602 627 sua
623 565 756 647 ignavia,
771 567 826 628 sed
843 567 885 627 ob
900 569 1041 650 remppb.
1058 566 1090 627 in
1106 566 1243 630 hostiurn
1258 589 1314 651 po·

131 663 243 732 testate
258 649 397 712 relictum
414 648 464 710 iri.
512 649 588 712 Haec
605 650 741 714 Maurus
756 671 863 714 secum
879 651 945 734 ipse
961 651 1019 714 did
1034 653 1173 729 volvens,
1189 653 1315 716 tandem

130 735 285 818 promisit.
320 733 477 798 Ceterum
492 734 598 815 idolo,
614 759 650 798 an
665 729 761 797 ¹’veri
776 751 948 813 cunctatus,
963 758 1074 818 partun
1091 735 1313 819 comperimus.

129 819 196 882 Sed
204 821 392 902 plerumque
405 819 519 902 *regite
532 821 715 900 voluntates,
727 817 774 883 uti
790 822 1000 898 vehementes,
1013 821 1058 884 sic
1073 822 1216 898 mobiles,
1231 819 1314 905 saepb

126 905 205 986 ipsae
220 905 276 966 sibi
289 906 438 968 adversae.
471 903 582 967 Posteai
597 922 736 989 tempore
749 923 780 969 et
794 908 864 969 loco
879 907 1058 982 constituto,
1073 906 1103 969 in
1120 907 1200 970 collo
1223 911 1315 972 uium

124 989 140 1062 ,¹
148 984 193 1054 uti
209 991 248 1054 de
264 1011 340 1074 pace
357 988 533 1064 veniretur3
557 988 702 1054 Bocchus
716 991 834 1055 Sullam
852 990 960 1065 modb,
976 991 1072 1054 modo
1089 928 1254 1076 Jugurtiae
1269 992 1315 1056 le·

124 1073 234 1156 gatum
251 1074 404 1158 appellare
415 1100 425 1149 ς
437 1071 570 1157 benigne
586 1076 722 1152 habere;
737 1077 823 1138 idem
840 1077 990 1138 ambobus
1006 1077 1155 1160 polliceri.
1191 1077 1242 1139 llli
1258 1099 1314 1162 pa·

123 1159 203 1222 riter
215 1161 340 1234 laetias
357 1160 423 1241 spei
439 1161 524 1222 bonae
539 1162 621 1243 pleni
636 1182 716 1223 esse.
760 1161 823 1223 Sed
839 1177 928 1224 nocte
950 1164 996 1240 ei,
1010 1182 1078 1242 quae
1096 1163 1237 1242 proxima
1252 1163 1316 1226 fuit

124 1260 199 1312 ante
219 1245 305 1306 diem
328 1245 483 1325 colloquio
503 1236 830 1322 decretum,Maurus
849 1246 997 1308 adhibitis
1019 1246 1189 1323 amitinae
1209 1249 1316 1311 statim

123 1325 314 1406 {immutati
330 1327 498 1406 voluntate,
512 1331 641 1393 remotis
661 1333 791 1412 caeteris,
807 1331 923 1394 dicitur
942 1351 1049 1393 secum
1065 1330 1131 1414 ipse
1153 1339 1167 1368 ⁶
1177 1332 1315 1400 multllm

122 1413 294 1502 agitavisse
305 1435 314 1476 t
325 1417 444 1493 'vultu,
455 1415 568 1491 colore,
580 1437 616 1480 ac
629 1431 717 1480 motu
734 1417 873 1500 corporis
883 1415 999 1500 pariter
1011 1430 1104 1500 atque
1116 1416 1221 1482 animo
1233 1418 1316 1478 vari·

126 1519 185 1560 us:
209 1496 296 1580 fquas
318 1498 446 1575 scilicet,
461 1516 580 1563 tacente
603 1503 682 1584 ipso,
702 1504 823 1566 occulta
845 1501 990 1585 pectoris,
1012 1503 1076 1563 oris
1098 1501 1317 1564 immutatione

124 1582 322 1666 patefecisse.
354 1583 475 1646 Tamen
491 1585 651 1668 postremo
667 1586 785 1650 Sullam
801 1587 917 1650 accersi
930 1587 1032 1668 jubet,
1047 1601 1133 1648 etex
1149 1588 1231 1650 illius
1244 1607 1315 1650 sen·

122 1669 220 1743 tostii
233 1669 267 1730 N
270 1670 383 1732 umidae
396 1670 526 1733 insidias
537 1671 648 1734 tendit.
685 1671 810 1735 Deinde
823 1672 876 1735 ubi
888 1671 957 1734 dies
969 1671 1107 1748 advenit,
1120 1685 1150 1732 et
1163 1673 1193 1734 ei
1204 1673 1315 1734 nunci-

123 1765 213 1814 atum
236 1769 294 1830 est,
317 1755 505 1834 Iugurtham
528 1755 613 1815 haud
633 1757 743 1836 procul
765 1759 890 1828 abesse;
915 1776 988 1817 curn
1010 1758 1117 1838 paucis
1140 1757 1262 1833 amicis,
1281 1773 1315 1820 et

124 1845 299 1919 gquaestore
316 1852 434 1915 nostro,
446 1839 533 1918 quasi
546 1837 669 1914 obvius,
680 1839 807 1903 honoris
822 1842 925 1912 causi,
939 1841 1101 1920 ³procedit
1112 1843 1144 1902 in
1154 1844 1315 1906 tumulum

123 1920 312 1986 facillimum
324 1922 395 1996 ¹uisu
409 1922 636 1985 insidiantibus.
663 1920 787 1986 Eodem
799 1923 943 1986 Numida
954 1943 1026 1984 cum
1038 1924 1193 2006 plerisque
1204 1947 1314 1990 neces·
1333 1923 1339 1932 “

122 2006 216 2078 soriis
228 2009 292 2070 suis
304 2007 443 2082 inermis,
454 2003 501 2068 uti
519 2008 639 2070 dictum
652 2024 729 2085 erat,
742 2008 882 2081 accedit;
898 2028 934 2071 ac
944 2009 1050 2078 statim
1062 2007 1153 2090 signo
1162 2011 1247 2082 dato,
1256 2032 1314 2074 uu·

118 2092 222 2173 ,dique
237 2091 331 2156 simul
342 2112 382 2154 ex
394 2091 517 2153 insidiis
530 2091 699 2155 invaditur.
723 2093 836 2156 Caeteri
851 2090 1036 2166 obtruncati,
1049 2093 1206 2182 Jugurtha
1220 2093 1314 2160 Sullae

122 2177 247 2246 vinctus
259 2177 403 2252 traditur,
418 2192 449 2238 et
464 2178 501 2241 ab
515 2197 552 2238 eo
564 2180 603 2239 ad
619 2177 760 2254 Marium
776 2177 967 2242 &deductus
994 2175 1073 2240 iPer
1089 2179 1174 2239 idem
1190 2193 1315 2262 tempus

122 2263 295 2330 adversum
317 2260 452 2331 *Gallos
476 2265 514 2326 ab
533 2263 665 2326 ducibus
685 2263 799 2327 nostris
823 2263 866 2338 Q.
889 2263 1040 2347 Cepione,
1056 2277 1089 2326 et
1111 2261 1165 2325 M.
1187 2259 1333 2330 Manlio¹

553 2429 555 2435 ’
567 2414 869 2470 tutaueautntto.

165 2523 306 2589 ¹Posteci
322 2527 383 2588 ioco
404 2536 433 2588 et
448 2535 579 2608 tempore
593 2527 705 2589 consti·
727 2547 774 2603 ea,
800 2547 876 2611 quo,
898 2527 1014 2610 scilicet
1034 2525 1149 2588 ocmlto
1162 2529 1311 2612 pectoris,

119 2623 199 2687 tuto,
208 2611 347 2674 Bocchus
361 2607 619 2694 appellebotmodi
635 2613 704 2696 Spl-
727 2611 853 2685 dicitur,
880 2613 947 2694 ipso
977 2623 1103 2690 tacente,
1125 2610 1311 2696 patefecisse

113 2698 195 2772 lam,
212 2693 294 2768 moab
316 2697 448 2779 legatum
471 2696 705 2782 Jugurtbae,'ut
726 2698 791 2762 oris
805 2698 1024 2758 immutatione.

119 2784 280 2845 veniretur
295 2784 328 2844 in
342 2783 520 2866 colloquium
532 2783 569 2842 de
578 2795 666 2864 poce.
769 2783 780 2818 ³
800 2782 945 2843 Procedit
963 2783 997 2842 in
1022 2783 1118 2845 locum
1139 2783 1309 2864 editiorem,

164 2869 178 2904 ²
194 2869 265 2950 Ipse
284 2868 428 2948 Bocchus
441 2867 536 2941 uultu,
550 2869 648 2929 colore
669 2888 704 2928 oc
726 2866 918 2952 quemsocili
934 2867 1117 2931 insidiantes
1127 2872 1308 2953 prospicere

121 2952 703 3038 motucorporis,pariterolqueonimo,
721 2964 877 3036 poterant.

120 3038 240 3116 varius,
254 3037 369 3106 dicitur
387 3033 514 3108 multum
534 3017 718 3124 agitavisse]

658 3167 773 3228 storin„

153 3291 170 3326 a
183 3275 265 3338 nou]
283 3278 319 3327 Ut
329 3289 372 3334 ms
392 3275 415 3326 is
429 3275 553 3328 crederet
563 3277 703 3342 iugurtha,
724 3275 856 3329 dubitatio
866 3274 972 3342 cognita
982 3281 1038 3328 est:
1051 3273 1186 3329 nesciebat
1195 3278 1263 3330 enirn
1274 3296 1308 3332 an

118 3343 224 3456 optimi
238 3343 294 3393 lide
307 3347 377 3394 Bocc
398 3357 440 3393 um
455 3357 515 3392 oum
530 3344 588 3406 ipso
607 3358 701 3407 ageret
723 3344 861 3408 iugurthae
874 3343 982 3408 Syllam,
996 3343 1038 3392 vel
1050 3336 1128 3408 Syllae
1138 3347 1152 3394 J
1157 3347 1308 3412 ugurthsm,

119 3425 136 3464 c
158 3421 184 3456 m
196 3423 250 3458 rem
261 3409 343 3472 ipsam
354 3407 401 3458 diti
409 3409 440 3456 ab
451 3409 497 3456 illo
507 3408 564 3459 ente
575 3410 701 3474 agitatam
724 3409 829 3460 tradere
842 3411 936 3458 melius
950 3419 1027 3459 essct.

117 3473 235 3536 videret,
247 3471 326 3540 quim
336 3475 514 3540 polliceretur.
568 3501 570 3506 ,
757 3493 776 3540 g
793 3475 937 3538 questore]
957 3479 1032 3540 Syrte,
1344 3511 1346 3516 -

155 3541 171 3588 b
193 3541 317 3602 Veri.]1tl
333 3548 385 3601 est,
403 3539 455 3592 crim
471 3543 586 3596 Numidae
603 3544 703 3596 tradere
755 3543 936 3602 hoereticum]
955 3545 1049 3592 Florus
1066 3555 1100 3592 ex
1113 3539 1198 3601 Livio,
1210 3541 1235 3594 in
1251 3559 1307 3598 car.

119 3606 215 3674 Syllum
228 3609 341 3656 Bocchus
353 3611 485 3658 statuisset.
722 3623 793 3658 cere‘
809 3615 929 3662 necatum
949 3607 1108 3672 logui-tham
1130 3605 1233 3668 fuisse3
1259 3613 1306 3666 alii

142 3677 169 3723 'c
189 3673 302 3737 Regio]
321 3678 384 3726 Rem
402 3677 485 3738 ipsam
501 3671 639 3724 verissimi
657 3691 703 3724 ex·
723 3677 791 3726 fame
803 3675 971 3724 contabuisse
984 3673 1083 3727 volunt.

117 3743 217 3807 pressit
230 3742 337 3791 Sallust.
369 3739 484 3791 Videant
502 3743 593 3808 itaque
606 3748 634 3789 et
651 3743 702 3794 sibi
757 3743 766 3790 i
779 3741 925 3802 Periclem]
946 3739 1021 3790 lstud
1032 3739 1065 3787 ad
1076 3741 1092 3788 J
1095 3741 1214 3804 ugurthse
1224 3743 1306 3797 histo.

118 3817 239 3868 caveant,
251 3808 351 3924 pinibus
366 3810 453 3860 omnia
469 3823 503 3866 ert
518 3820 579 3858 voto
598 3823 700 3858 succes·
722 3809 788 3858 riam
799 3823 850 3856 non
863 3805 936 3866 facit,
948 3805 997 3856 sed
1009 3805 1126 3856 additum
1140 3817 1189 3868 est,
1201 3806 1232 3859 ut'
1244 3809 1307 3876 cog.

120 3885 219 3926 serunt.
276 3875 404 3925 ericulum
427 3884 470 3924 est
493 3874 647 3934 maximum,
669 3891 701 3923 ne
723 3871 1059 3938 nosceretur‚quamob1·em
1069 3869 1159 3923 contri
1167 3875 1239 3940 leges
1247 3879 1306 3927 nt...

119 3942 240 3994 voluntas
258 3942 345 4000 omniu
361 3955 420 3990 cum
439 3943 540 4006 impetu
559 3941 700 4006 pervadere
724 3943 763 3990 rio
775 3941 875 3989 absenti
888 3939 1039 3988 consulatus
1050 3939 1189 3990 mandatus
1201 3941 1304 3993 fuisset.

120 4021 234 4070 assuete,
248 4009 342 4075 sepius
360 4021 421 4058 oum
438 4008 540 4072 dolore,
552 4009 645 4059 eedem
662 4024 702 4058 re·
754 4008 773 4056 k
787 4005 893 4068 Gallos]
916 4006 968 4056 Alii
981 4005 1064 4072 magis
1077 4006 1151 4056 istud
1164 4009 1303 4059 Germanis

121 4074 211 4144 legere
223 4083 342 4140 cogatur.
654 4115 656 4118 .
723 4075 894 4138 adscribunt:
916 4069 1015 4138 optimi
1034 4069 1098 4124 vend
1117 4083 1145 4122 et
1165 4071 1302 4124 verissimo

154 4140 333 4204 dImmutotri.]
352 4140 384 4191 ld
397 4147 448 4202 est,
460 4145 575 4192 Demissis
588 4143 701 4193 onmibue.
722 4153 811 4190 noster
823 4151 914 4190 auctor
923 4140 966 4202 qui
980 4139 1073 4197 Gallis,
1087 4145 1196 4202 propter
1210 4139 1304 4190 Helue.

154 4223 172 4256 e
183 4206 310 4269 ollultrlml
323 4209 376 4258 Alii
389 4209 486 4258 habent
495 4213 579 4259 multu.
722 4210 775 4258 tios
786 4207 953 4272 scilicet‚qui
962 4213 1028 4267 tum,
1037 4221 1096 4254 oum
1109 4203 1302 4264 Cimbris,belli

153 4271 169 4324 f
182 4273 258 4337 Qun]
270 4273 378 4334 Scilicet
388 4274 489 4342 exejus
503 4279 604 4325 incerto
616 4275 701 4334 vultu,
715 4271 849 4338 ‘adversus
869 4277 997 4324 Romanos
1020 4269 1237 4335 concitatoribus,
1261 4280 1308 4335 teu·

119 4346 148 4392 et
160 4341 215 4399 oris
230 4339 419 4403 immutatione,
433 4343 513 4397 inimi
525 4341 661 4395 firinlustio
672 4349 702 4394 et
723 4341 795 4407 ipsos
805 4337 1020 4408 profligaverunt.

333 4445 334 4450 .
613 4425 618 4446 i
