3034 5054
552 275 872 347 retensum.
1241 288 1301 364 rar

117 470 331 542 ²quamquam
357 457 398 520 L.
422 453 583 520 bSicinius
608 454 728 538 primus
751 455 794 516 de
816 463 967 536 potestate
986 451 1060 516 trib.
1081 451 1169 537 loqui
1195 475 1302 538 austra,

115 545 346 608 ‘mussantibus
361 543 450 605 vobis
476 541 706 604 circumventus
728 555 813 614 erat;
836 554 940 602 tamen
963 538 1057 622 priris
1077 541 1125 603 illi
1148 543 1301 608 invidiam

116 631 273 708 metuere,
287 625 379 711 quim
397 649 453 690 vos
475 627 596 712 injurie
616 644 783 710 pertaesum
806 640 863 688 est.
908 624 1006 700 Quod
1027 633 1088 709 ego
1110 647 1233 709 nequeo
1250 651 1301 692 sa·

117 713 163 780 tis
178 717 295 792 mirari,
308 713 462 790 Quirites.
508 713 594 776 Nam
615 733 702 796 spem
718 708 832 774 frustri
848 711 944 773 fuisse
967 711 1191 776 intellexistis„
1218 715 1303 778 Solle

117 817 253 877 mortuo,
268 803 322 884 qui
344 802 511 864 scelestum
533 799 724 881 imposuerat
745 799 922 870 servitium,
942 797 1035 861 linem
1058 799 1131 861 mali
1154 801 1303 866 credeba-

117 889 171 951 tis.
214 887 312 950 Ortus
329 902 377 949 est
394 883 486 967 longe
509 885 620 947 savior
633 885 777 946 Catulus.
819 880 1015 946 dTumultus
1028 883 1204 948 intercessit
1220 887 1303 950 Bru·

117 987 162 1048 to,
179 988 210 1035 et
230 971 361 1037 AEmilio
383 971 551 1034 Mamerco
573 969 665 1034 Coss.
688 971 762 1032 dein
785 967 824 1032 C.
846 969 966 1032 ‘Curio
984 969 1025 1033 ad
1046 971 1180 1034 exitium
1203 993 1305 1055 usque

116 1058 248 1122 insontis
270 1057 386 1120 tribuni
410 1058 587 1126 dominatus
610 1071 668 1118 est.
713 1056 866 1118 Lucullus
892 1057 1051 1139 superiore
1077 1073 1156 1119 anno
1177 1059 1304 1140 quantis

115 1144 230 1210 animis
256 1143 329 1206 ierit
352 1143 385 1205 iu
408 1143 449 1206 L.
474 1139 693 1217 fQuinctium,
717 1140 862 1213 vidistis;
889 1158 1009 1224 quantae
1033 1141 1168 1226 denique
1197 1155 1304 1206 ‘nunc

115 1229 198 1292 mihi
226 1229 325 1298 turbae
351 1227 558 1295 concitantur!
583 1225 681 1308 hquae
707 1225 848 1308 profectb
875 1228 1033 1290 ineassum
1059 1245 1234 1309 egerentur,
1256 1229 1314 1293 ¹si'

115 1314 209 1398 prius
231 1310 325 1396 quim
349 1335 406 1376 vos
428 1313 585 1376 serviendi
609 1312 713 1387 linem,
736 1311 780 1373 illi
807 1311 1029 1374 dominationis
1053 1312 1167 1376 facturi
1197 1332 1303 1380 erant:

115 1399 293 1482 praesertim
310 1398 384 1462 ciam
396 1399 446 1462 bis
461 1398 605 1460 civilibus
620 1399 716 1460 armis
730 1395 840 1459 ¹¹dicta
852 1398 922 1474 alia,
938 1399 993 1460 sed
1010 1411 1161 1463 certatum
1175 1397 1305 1464 ¹utrim-

117 1504 181 1567 quc
196 1485 237 1548 de
252 1485 464 1550 dominatione
486 1484 519 1546 in
534 1483 623 1560 vobis
644 1482 696 1548 sit.
741 1484 854 1566 Itaque
875 1500 987 1548 caetera
1007 1495 1082 1550 men
1102 1485 1238 1565 licentia,
1251 1501 1307 1550 aut

656 1741 771 1790 NOTAE.

118 1919 193 1986 qtadm
204 1937 248 1972 cos
258 1936 340 1972 sortem
352 1922 458 1986 injruiae,
470 1927 495 1968 et
506 1920 585 1968 eertn‘
598 1921 709 1988 cervini,
758 1935 774 1970 e
795 1919 889 1982 vurta]
907 1919 959 1972 Hic
975 1922 1069 1972 consul
1085 1921 1139 1976 tuit
1156 1932 1218 1990 post
1233 1926 1311 1994 Lepi.

118 1992 249 2040 taeduisset.
284 1989 321 2038 Ut
332 1984 395 2038 verti
410 1987 487 2038 istius
504 1985 618 2036 hominis
634 1999 705 2036 men·
726 1983 799 2046 dum,
809 2001 876 2036 anno
886 1988 979 2038 altero.
1300 1997 1302 2005 ⁴

116 2063 171 2105 tem
185 2051 294 2120 propius
308 2055 466 2120 assequeris,
479 2061 508 2102 et
520 2051 636 2113 acubus,
647 2050 705 2116 qui·
760 2051 774 2102 l
786 2052 949 2118 Quartam]
971 2053 1022 2102 Hie
1034 2067 1139 2122 quoque
1156 2057 1234 2125 Syllae
1251 2067 1311 2110 actu

116 2121 169 2170 bus
186 2121 233 2172 illo
249 2121 374 2186 populum
393 2121 558 2186 perstrinxit,
579 2133 629 2168 non
648 2133 704 2168 seo·
727 2117 876 2170 rescindere
890 2118 1033 2188 oppressam
1044 2129 1095 2186 est

116 2187 172 2238 tias
185 2185 703 2251 modd,sedvideas;haereas‚siplacet‚
760 2188 895 2251 gmon]
921 2189 989 2239 Hinc
1010 2187 1171 2240 clatriasimd
1194 2185 1311 2256 tempus.

116 2254 146 2306 in
160 2255 192 2304 iis
203 2269 261 2319 quae
269 2251 364 2319 poste&
374 2255 471 2304 leviter
482 2254 621 2318 attingam.
726 2268 779 2318 quo
791 2253 884 2304 habita
894 2263 935 2304 est
947 2255 1001 2305 haee
1012 2255 1114 2318 concio,
1123 2260 1312 2327 cognosciturs
1349 2279 1353 2290 t

152 2319 356 2385 aQuumpuamJ
375 2324 413 2372 Ar
452 2329 567 2372 mentum
579 2319 703 2386 estquod
729 2321 845 2381 Luctum,
866 2321 981 2383 seilicet,
1000 2331 1028 2371 et
1046 2325 1118 2374 Varo
1137 2325 1310 2384 consulimur

116 2394 215 2439 vocant
232 2386 249 2438 a
271 2388 371 2438 minore
391 2337 543 2456 adguruajus:
568 2393 611 2436 est
628 2386 702 2453 quasi
726 2401 779 2452 quo
792 2403 857 2437 anno
870 2389 1012 2453 Spartacus
1022 2389 1158 2440 Gladiator
1170 2391 1312 2458 plusquam

118 2455 203 2512 dicat,
218 2457 321 2506 Nobiles
337 2473 381 2506 uos
400 2453 539 2517 monterrant,
556 2459 629 2504 etium
652 2451 704 2503 crim
727 2455 831 2516 servile,
843 2456 891 2506 sed
907 2471 987 2522 grave
1000 2457 1109 2518 bellum,
1122 2458 1248 2508 adversus
1262 2463 1312 2512 tto-

117 2525 161 2580 a'lle
170 2526 258 2572 ummo
267 2534 350 2572 nester
360 2523 472 2588 defensor
486 2531 617 2588 oppressus
633 2531 704 2579 esset,
728 2535 816 2572 manos
840 2523 937 2572 movit:
958 2523 1085 2575 decennio
1108 2533 1169 2575 ante
1193 2527 1312 2578 catilina

119 2593 172 2654 qui,
185 2597 268 2654 utpote
276 2593 304 2640 in
319 2593 427 2640 maximd
444 2595 572 2647 sanitate,
584 2591 649 2650 loqui
661 2604 705 2636 au·
728 2587 785 2654 conj
790 2590 942 2640 strationem.

119 2673 164 2705 eres
179 2666 252 2705 erat:
269 2672 329 2720 erge
347 2657 452 2707 maimo*
474 2667 587 2712 meterent,
606 2657 706 2717 quantu
762 2656 857 2715 hQuae
875 2656 1007 2723 prosemd]
1026 2659 1066 2708 De
1089 2657 1177 2708 turbis
1194 2657 1313 2726 loquitur

118 2727 323 2786 voeommjura
335 2735 422 2774 oestro
433 2724 678 2788 repraesentemus.
727 2731 754 2771 et
774 2727 844 2772 omni
868 2723 1012 2782 molimine,
1031 2739 1085 2791 quo
1107 2726 1185 2790 pauci
1204 2727 1312 2792 plebem

154 2787 171 2837 b
185 2787 317 2853 Sicinius]
340 2793 380 2840 lta
391 2789 533 2854 legendum
550 2805 585 2839 ex
597 2795 650 2838 vet.
662 2803 705 2838 co·
727 2789 877 2852 opprimere
888 2789 1056 2841 festinabant.

118 2855 190 2916 dise,
201 2862 232 2908 et
243 2855 368 2911 Asconio,
385 2858 431 2907 &o
454 2857 519 2908 Fuit
530 2857 571 2907 his
584 2855 705 2905 tribunus
762 2857 771 2904 i
785 2857 813 2905 st·
822 2855 914 2921 petila]
929 2859 1027 2926 Sensus
1044 2864 1096 2918 est,
1107 2857 1131 2907 si
1143 2859 1224 2909 rerba
1234 2875 1269 2910 ex
1284 2877 1312 2912 o·

92 2931 95 2937 ’
118 2921 218 2989 plebis.
729 2922 837 2972 rationis
849 2925 956 2974 textura
969 2923 1123 2975 abstrahant
1139 2927 1248 2976 Frustra
1260 2936 1313 2992 epe·

157 2987 379 3051 thietmarum]
394 2991 453 3040 Non
464 2988 552 3055 potuit
563 2989 615 3039 aliu
626 2986 705 3038 verbo
728 2993 793 3038 rutis
814 2992 903 3040 nabiles
924 2993 991 3042 uobis
1011 2996 1141 3055 quicqum
1166 2995 1312 3044 de‘seruitr‘o

119 3052 219 3106 melida
235 3070 326 3104 eorum
344 3055 482 3107 hominurn
496 3055 609 3121 exprimi
619 3069 708 3106 socor·
728 3065 810 3106 oestro
826 3061 976 3117 remissurus,
992 3063 1040 3109 nias·
1057 3068 1147 3108 vosmet
1163 3063 1211 3122 lpse·
1221 3065 1313 3124 jugem

119 3121 180 3180 dim
200 3120 247 3192 qui
259 3119 321 3172 cdrn
334 3122 485 3187 reipubllcae
497 3123 591 3174 damna
601 3131 631 3174 et
646 3136 704 3172 sen·
728 3127 888 3174 excusseritis
892 3147 903 3180 ,·
921 3128 1115 3188 quandoquidem
1129 3128 1313 3178 ituraeorum

118 3189 193 3240 'tiunt
212 3195 242 3240 et
262 3189 365 3250 vident,
382 3190 448 3247 alios
471 3192 621 3254 tempestati
642 3192 707 3257 obji·
730 3194 781 3248 toti,
794 3200 823 3240 ut
834 3194 902 3242 vatia
918 3197 997 3257 mejite
1014 3207 1073 3242 anua
1089 3197 1223 3256 imponant,
1236 3211 1314 3256 quoa·

120 3257 207 3316 ciunt,
218 3257 269 3321 ipsi
279 3257 393 3317 latitant,
403 3258 492 3321 itaque
504 3273 581 3307 suum
593 3272 707 3307 commo·
729 3263 818 3306 tumvlo
828 3261 877 3307 illis
886 3273 963 3321 reaque
974 3269 1000 3308 et
1010 3275 1087 3322 usque
1096 3259 1313 3328 obsequenteafuc·

121 3323 187 3372 dum
199 3323 241 3372 vel
254 3324 280 3372 in
292 3324 350 3388 ipsa
362 3333 436 3388 peste
446 3331 573 3388 quaerunt
592 3324 707 3374 Nebulo·
729 3327 792 3372 ritis.

121 3405 170 3438 nes
183 3387 302 3454 profectb
320 3390 345 3439 in
361 3391 430 3440 soles
442 3398 528 3440 terras
541 3391 706 3454 deportandi,
760 3389 872 3440 kDa'etu
889 3391 958 3454 olim]
976 3391 1008 3442 ld
1025 3398 1076 3450 est,
1093 3397 1165 3444 olium
1177 3401 1313 3459 pretereat·

122 3453 185 3505 caim
196 3455 247 3506 sibi
256 3452 368 3518 tamdiu,
376 3456 403 3506 in
412 3471 549 3506 commune
558 3457 707 3506 noliotcon-
729 3467 795 3505 runt.

123 3521 220 3572 scelere.
259 3519 358 3572 Verdm
371 3523 405 3573 ad
422 3533 486 3574 rem.
525 3522 589 3573 lded
602 3523 705 3574 addidit
761 3523 937 3586 lUtn'mque]
958 3529 1027 3575 Cave
1040 3522 1234 3590 itbintelligns
1250 3540 1317 3591 quat·¹

121 3603 216 3639 vocem
239 3588 318 3640 istam
338 3599 429 3642 auctor
443 3596 542 3650 noster,
555 3597 585 3640 ut
601 3588 705 3641 obviam
729 3591 751 3640 si
775 3590 838 3640 hinc
862 3593 939 3654 pauci
959 3591 1068 3640 nobiles.
1093 3591 1164 3640 illinc
1189 3595 1315 3648 steterint

121 3655 176 3709 iret
197 3656 288 3719 populi
313 3656 579 3722 tacitae-objectionir
604 3656 707 3708 diceret
729 3656 839 3716 tribuni,
851 3667 897 3706 aut
915 3657 1067 3723 quicunque
1081 3657 1145 3724 jura
1163 3659 1315 3723 populine.

121 3724 204 3782 enim,
217 3724 333 3788 Oppressi
341 3735 397 3773 aunt
406 3725 510 3774 antebac
519 3729 562 3786 qm*
572 3725 640 3774 nobie
653 3741 706 3774 con-
729 3723 888 3790 poscebant:
907 3724 956 3774 sed
974 3725 1177 3790 intelligendum
1195 3733 1246 3788 est,
1260 3743 1315 3778 oms

123 3793 269 3840 coluerunt:
282 3807 355 3840 unum
365 3793 486 3840 trtbrrmrm
496 3802 604 3841 matrerm
616 3807 646 3840 ne
655 3796 707 3854 qua'·
729 3807 775 3840 nes
794 3791 839 3856 qui
859 3789 1048 3855 rempublicam
1068 3791 1244 3858 agitaverunt,
1258 3795 1315 3859 qui-

124 3859 177 3909 dem
194 3859 283 3908 oraotre
300 3859 390 3908 rutiles
407 3862 593 3908 coenaturum:
602 3858 707 3922 serutari
729 3872 843 3924 cumque
868 3859 974 3908 tandem
995 3858 1034 3906 illi
1054 3855 1165 3919 fuerint,
1181 3859 1210 3908 id
1233 3873 1314 3912 unum

124 3927 208 3984 itaque
218 3927 367 3987 nocetque
376 3927 523 3974 audebimus.
554 3925 708 3987 Respondet
730 3925 930 3991 quaesivissent
941 3925 1183 3990 populoservitium
1197 3928 1315 3990 impone-

125 3991 226 4049 Macer,
234 3993 418 4052 Mrtsaontibua
428 3994 563 4041 tacentibus
573 4003 597 4040 et
608 3994 707 4040 mutan·
731 3999 799 4051 rent,
810 4002 838 4041 et
850 3990 901 4056 ipsi
913 3992 1121 4044 dominarentur.

127 4057 191 4104 rt'bru
205 4060 271 4106 nobis
289 4067 416 4122 oppressos
433 4062 613 4109 ettvestert‘lle
630 4060 707 4107 tribu·
763 4073 789 4107 m
810 4058 856 4106 Ec
879 4059 997 4122 lineium]
1020 4061 1180 4123 Deploratus
1204 4063 1246 4108 eat
1266 4058 1316 4108 rei-

125 4139 189 4172 nus:
208 4126 279 4183 qood,
296 4130 460 4202 inposterum
476 4143 508 4175 ne
518 4127 578 4191 fiat,
591 4129 619 4174 ἐπ
635 4141 709 4174 manu
731 4125 843 4190 publicae
866 4134 960 4186 status,
978 4125 1082 4192 quando
1101 4127 1195 4184 cuivis,
1207 4125 1271 4189 quia
1286 4133 1321 4188 eb

125 4191 211 4240 vestra
221 4199 264 4238 est.
731 4193 777 4242 alii
788 4189 894 4258 imponi.
907 4192 1016 4252 faciunt,
1030 4191 1099 4245 meld
1112 4191 1199 4244 facere
1212 4191 1282 4242 licet.

158 4254 178 4304 d
195 4253 345 4319 Tumultus]
368 4259 407 4310 De
423 4275 478 4327 quo
493 4258 619 4322 uidimus,
631 4255 707 4328 cnjus

126 4321 338 4392 autorlepidus.
581 4343 583 4347 ·
