3034 5054
208 330 272 390 218
670 313 921 384 SALLUSTII

251 493 324 576 Ipsa
338 492 421 556 enim
435 503 483 554 est
498 489 607 574 Major
621 489 770 573 Phrygia.
791 491 879 552 Sero.

251 577 314 641 Sed
331 577 534 640 Mithridates
544 579 682 638 extrema
696 575 829 659 pueritia
839 594 971 658 regnum
986 573 1165 658 ingressus:
1180 565 1282 642 matre
1293 597 1388 644 vene·

207 685 249 726 ιιο
264 663 434 726 interfecta.
456 663 547 722 Idem

250 748 462 811 Ειιειιίιιιιιιει
471 759 601 808 vertere.
625 748 715 812 Idem·

251 835 346 897 Creta
357 833 446 896 altior
459 847 516 908 est,
527 853 588 912 qua
603 847 687 915 parte
703 843 821 913 spectat
832 831 995 894 orientem.
1018 833 1112 896 Idem

249 919 290 982 Se
305 919 430 1001 regibus
449 918 615 995 devovent,
629 931 745 1000 etpost
758 939 812 978 eos
827 917 925 979 vitam
940 917 1096 980 refutant:
1120 916 1200 982 adeb
1214 918 1308 984 illis
1299 940 1387 1006 ruge·

207 1003 271 1067 nita
286 1020 333 1066 est
344 1003 487 1065 sanctitas
504 1002 582 1084 regii
598 1003 743 1074 nominis.
766 1003 857 1079 Idem,
871 1014 901 1064 et
916 1004 1153 1086 Philargyrus.

251 1091 340 1151 Dum
352 1088 480 1150 inferior
490 1089 574 1150 omui
586 1089 637 1150 via
652 1101 851 1170 grassaretur
876 1087 1019 1172 Joomtee
1035 1090 1202 1152 Grammat.
1276 1131 1280 1138 -

249 1172 263 1212 ¹³
275 1175 308 1236 N
311 1174 422 1236 arbone
438 1173 567 1235 concilia
579 1173 752 1238 Gallorum.
775 1173 964 1256 Pompeius
953 1195 986 1235 m
999 1172 1105 1238 Artem
1115 1175 1248 1239 Donati

250 1259 332 1322 Cum
350 1261 477 1338 Brutus,
493 1258 549 1327 dte.
574 1259 735 1359 Pbmpeius
749 1259 868 1320 ibidem.

248 1344 326 1408 Post
340 1344 546 1406 defectionem
558 1344 713 1406 sociorum
726 1359 758 1405 et
769 1343 875 1406 Ladii.
897 1344 1054 1408 Donatus.

248 1428 329 1491 ‘Ad
344 1431 433 1511 Jovis
449 1431 593 1491 mandem
609 1443 724 1492 nostra.
748 1429 839 1491 Idem.

249 1515 359 1578 Morbi
374 1536 483 1597 graves
498 1515 538 1575 ob
553 1514 690 1576 inediam
701 1514 824 1576 insolita
838 1515 1046 1594 vescentibus
1069 1518 1160 1616 Idem

249 1601 359 1682 Atque
375 1623 411 1661 ea
426 1614 582 1682 cogentes,
593 1621 654 1661 non
669 1613 804 1676 coactos,
815 1599 962 1662 scelestos
976 1596 1078 1682 magis
1089 1597 1180 1682 quaint
1191 1599 1323 1665 miseros
1337 1598 1392 1665 di-

206 1686 327 1767 stringi.
350 1685 440 1745 Idem.

249 1769 395 1832 Graviori
410 1769 500 1846 bello,
509 1789 563 1850 qut
553 1767 765 1850 prohibituri
775 1782 923 1832 venerant
937 1769 1026 1846 socii,
1037 1768 1159 1853 frigere.
1184 1771 1276 1834 Idem·

249 1855 336 1916 Nam
354 1854 483 1934 quidem
500 1854 632 1935 Pyrrho,
648 1854 829 1932 Hannibali,
843 1876 950 1936 aequnr
963 1869 996 1917 et
1009 1870 1101 1918 terra.
1127 1855 1215 1918 Idem.

248 1941 336 2002 Nam
350 1939 440 2002 Sullae
452 1877 696 2001 dominationem
711 1942 854 2003 audebat.
879 1942 968 2002 Idem.

248 2024 448 2107 ΙΙΝειιιιιιιι
464 2024 610 2087 defensus
623 2026 868 2090 dominationem
884 2025 990 2088 Sullae.
1012 2026 1106 2090 Idem.
1187 2050 1191 2056 ’

248 2111 327 2175 Neu
340 2111 411 2192 quis
422 2109 511 2171 miles
523 2131 600 2171 neve
609 2131 666 2192 pro
677 2111 788 2173 milite.
806 2112 894 2172 Sera.

248 2197 302 2258 Ex
317 2189 477 2258 insolentra
488 2195 598 2256 avidus
608 2195 834 2260 malefaciendi
857 2196 948 2260 Idem.

231 2281 362 2364 'Tergis
376 2269 560 2343 vinciebant.
583 2281 674 2342 Idan.

247 2377 261 2404 θ
273 2366 447 2448 Charybdis
463 2386 531 2446 quae
543 2365 623 2428 forte
638 2364 745 2428 illata
758 2365 919 2449 naufragia
931 2365 1058 2430 sorbens
1070 2363 1246 2450 gurgitibus
1257 2363 1386 2431 occultis

204 2452 302 2516 millia
317 2452 476 2533 sexaginta
491 2449 778 2514 gTauromenitana
791 2453 832 2515 ad
846 2453 939 2514 litora
953 2453 1059 2514 trahit.
1082 2453 1175 2514 Idem.

248 2537 409 2616 Saguntini
426 2537 487 2598 fide
502 2549 606 2636 atque·
610 2537 755 2600 aerumnis
775 2537 881 2620 inclyti
897 2557 953 2618 per
968 2538 1147 2600 mortalium
1159 2535 1303 2601 studium
1317 2557 1385 2602 naa·

200 2623 288 2708 jorea
304 2643 397 2704 quam
418 2621 539 2721 opibus,
555 2623 669 2704 quippe
684 2623 757 2703 quis
772 2622 867 2685 etiam
882 2636 950 2686 tum
965 2624 1115 2684 semiruta
1135 2622 1256 2714 moenia,
1269 2623 1383 2686 domus

203 2709 336 2785 intecta,
361 2709 556 2790 parietesque
582 2709 770 2789 templorum
794 2707 939 2787 ambusti,
958 2729 1069 2772 manus
1094 2707 1248 2772 Punicas
1251 2723 1384 2772 ostenta·

203 2793 288 2854 bant.
312 2793 470 2853 Hieron.
459 2813 492 2852 m
504 2791 675 2853 Halaesae

250 2873 605 2976 Αριιάῑῑ(Ζοιιίιιιιιιιιοιι
614 2897 774 2941 amomum
785 2890 817 2941 et
827 2877 880 2942 alu
890 2878 976 2942 leves
985 2878 1099 2941 odores
1113 2878 1291 2962 gignuntur
1307 2877 1383 2941 Pti-

203 2963 313 3043 larg.
301 2983 336 3023 m
350 2961 393 3024 iv.
406 2959 519 3046 Georfi.
538 2963 645 3044 Virga.
997 3011 1002 3021 ‚

210 3048 354 3122 Quem
368 3062 451 3112 trans
461 3064 606 3131 stagnum
620 3047 722 3112 omnis
734 3068 834 3132 usque
849 3048 891 3112 ad
904 3049 1032 3122 flumen.
1055 3050 1147 3113 Idem.

698 3317 700 3324 ’
737 3285 852 3364 nora.

233 3564 250 3603 a
263 3548 383 3616 Vertere]
397 3552 503 3604 Sestius
515 3551 707 3617 interpretatur
723 3555 784 3602 Gon
838 3550 854 3601 f
872 3551 1052 3618 datrj'ragt'a]
1076 3553 1128 3603 Hic
1148 3549 1315 3618 nauuagtum
1337 3565 1388 3618 pro

202 3622 338 3668 siderare
806 3618 870 3683 ipsis
882 3619 960 3669 rebus
972 3621 1105 3686 quassatis
1121 3625 1150 3670 et
1160 3619 1254 3670 fractis
1271 3619 1388 3684 positum

143 3705 145 3710 v
216 3683 401 3759 'bhorbonel
424 3683 617 3736 NarboGalliae
633 3684 783 3735 Narbonen-
804 3693 852 3736 est.

201 3763 238 3798 sta
249 3749 311 3797 urbs
323 3757 365 3797 est
375 3752 510 3800 maritima
836 3768 856 3818 g
879 3749 1110 3816 Tottmmeaitoau]
1137 3752 1316 3813 Tauromenia,
1339 3752 1388 3802 rel

157 3833 166 3850 ··
233 3817 306 3864 editi
320 3816 408 3877 Iovia]
431 3819 522 3866 Douza
538 3817 659 3882 corrigit,
676 3819 711 3868 Id
725 3817 782 3868 Iovi
803 3821 1018 3881 Tauromenium,
1028 3821 1092 3871 urbs
1102 3819 1199 3870 Srcrltae
1211 3819 1340 3872 matituna
1348 3818 1389 3870 ad

92 3933 96 3944 ,
200 3884 408 3932 trundenensis-,o
441 3884 472 3932 Id
482 3891 534 3944 est
547 3889 646 3950 Jupiter
655 3889 707 3934 zeta
716 3888 783 3934 vade
803 3885 908 3936 fretum.

200 3955 248 3998 rit.
836 3953 1042 4016 hcordaeanos]
1062 3953 1210 4004 Corduenni
1212 3965 1297 4020 ,gens
1310 3951 1391 4008 eirca

208 4015 253 4064 tl
263 4015 353 4075 mque
371 4011 432 4074 est]
455 4015 510 4065 Alii
527 4016 626 4066 habent
643 4019 781 4066 deminutio
803 4031 874 4070 mare
882 4023 1041 4084 Hyrcanum

199 4099 263 4132 natm.
296 4079 406 4130 Colerus
423 4079 501 4144 legit,
513 4085 605 4146 Neque
620 4094 658 4133 est
673 4083 781 4147 defessam
836 4086 999 4148 istmamum]
1022 4085 1104 4136 Aliud
1115 4085 1161 4136 aiii
1178 4084 1392 4137 εειέιιοιιιιιιὶιιί-Ι

118 4179 123 4190 .
200 4151 385 4198 dominationum
398 4147 474 4210 Sylla.
802 4159 910 4206 scantur
923 4149 1091 4222 multumque
1103 4153 1136 4208 de
1150 4169 1184 4209 eo
1195 4152 1319 4208 rixantur
1329 4155 1391 4205 Me·

230 4231 247 4264 e
267 4211 420 4290 Charybdis]
442 4213 531 4264 Poiitis
549 4215 780 4266 decantatissimus
803 4219 863 4272 dici.

198 4287 309 4344 gurges,
321 4279 391 4332 iuter
407 4279 527 4333 Siciliam
536 4289 565 4334 et
582 4283 695 4345 ltaliam,
708 4281 781 4336 circa

200 4347 359 4401 Messanam.
