3034 5060
187 297 235 364 u
295 331 300 339 -
372 259 418 330 Ὗ
524 353 528 361 .
573 241 587 262 ’
654 295 911 391 ειμυειίι

189 477 213 514 “
230 463 383 538 Numidis
398 469 556 553 pusuistiS,
572 470 714 538 clausum
729 483 815 535 tenet
830 485 924 552 atque
939 461 1080 532 obsidel:
1097 469 1274 554 legatorum
1284 469 1384 540 uerba

188 567 210 600 “
227 551 334 643 quanti
350 555 471 632 fecerit,
486 556 623 638 pericula
644 576 714 618 mea
736 556 905 618 declarant.
952 553 1042 630 Quid
1065 570 1112 620 est
1129 556 1300 638 reliquum,
1315 560 1378 626 nisi

188 649 210 686 “
226 649 273 710 vis
289 659 403 718 vestm,
419 663 482 724 quo
498 642 619 702 moveri
634 641 757 727 possiti
783 643 870 704 Nam
889 663 950 724 ego
973 641 1102 723 quidem
1120 643 1246 720 vellem,
1260 658 1292 705 et
1313 645 1382 712 hac

187 739 209 772 ‘⁶
226 752 293 814 quae
315 729 427 804 scribo,
442 742 473 790 et
488 728 540 788 illa
556 748 624 808 quae
645 724 734 790 antea
755 727 787 789 in
803 743 912 790 senatu
934 742 1063 810 questus
1076 749 1159 805 sum,
1174 749 1254 790 vana
1266 729 1382 802 ,forent

187 818 210 858 “
226 817 344 901 potitis,
356 811 451 896 quim
467 812 595 890 miseria
609 833 680 878 mea
696 811 792 876 fidem
804 813 908 875 verbis
923 812 1051 875 faceret.
1095 814 1158 878 Sed
1174 815 1325 896 quoniam
1337 813 1380 880 eb

186 912 209 944 “
226 918 317 968 uatus
333 921 414 976 sum,
427 913 462 962 ut
477 897 640 982 Jugurthae
654 899 809 968 scelerum
832 898 989 970 ¹0stentui
1004 920 1120 977 essem,
1133 919 1195 962 nou
1212 901 1282 984 jam
1294 921 1382 964 mor-

186 997 207 1032 “
224 970 413 1069 temJneque
429 1005 594 1061 aerumnas,
607 983 827 1049 tantummodo
841 984 961 1048 inimici
979 984 1159 1067 imperium,
1173 1000 1206 1048 et
1221 988 1383 1054 cruciatus

183 1081 207 1116 ‘⁴
224 1065 374 1156 corperis,
390 1073 576 1156 ²deprecor·
599 1067 713 1154 Regno
724 1065 1270 1152 Numidiae,quod.veetrumest,uti
1282 1072 1383 1153 lubet,

184 1168 206 1202 “
218 1161 392 1229 consulite:
413 1177 464 1220 me
482 1176 523 1218 ex
537 1156 680 1219 menibus
697 1155 803 1237 impiis
819 1157 942 1240 eripite,
958 1177 1014 1238 per
1029 1158 1225 1241 majestatem
1242 1159 1382 1241 imperii,

184 1253 206 1286 “
222 1267 278 1330 per
293 1243 437 1308 amicitie
458 1243 592 1322 ³fidem,
607 1241 634 1304 si
651 1241 713 1306 ulla
733 1241 819 1325 apud
834 1264 891 1308 vos
913 1243 1066 1308 memoria
1089 1259 1230 1308 remanet
1245 1247 1297 1333 avi
1313 1249 1380 1312 mei

181 1325 458 1400 ‚⁴‘2Masinissae3’
559 1364 562 1369 ·
1053 1387 1057 1394 .
1087 1381 1090 1386 .
1240 1365 1250 1384 ·
1318 1346 1320 1350 ·
1394 1355 1399 1364 ι

227 1420 291 1483 His
302 1417 404 1485 literis
425 1415 574 1493 recitatis,
590 1413 681 1478 fuere
702 1416 758 1498 qui
773 1417 948 1480 exercitum
968 1416 1000 1479 in
1018 1415 1163 1482 Africam
1185 1417 1380 1485 mittendum

130 1569 133 1576 ,
183 1519 356 1588 censerent,
371 1517 402 1564 et
418 1497 514 1583 quim
530 1501 670 1584 primitm
688 1501 854 1564 Atherbali
871 1501 1140 1568 subveniendum:
1164 1505 1204 1566 de
1218 1503 1378 1588 Jugurtha

182 1592 309 1656 interim
325 1585 372 1651 uti
389 1589 612 1658 consuleretur,
630 1587 779 1668 quoniam
793 1589 905 1669 legatis
917 1609 978 1650 nun
995 1589 1161 1669 paruisset.
1195 1588 1256 1652 Sed
1268 1591 1307 1654 ab
1318 1592 1377 1654 iis·

166 1679 257 1749 *dem
271 1675 331 1739 illis
345 1674 431 1756 regis
441 1671 615 1736 fautoribus
627 1675 753 1740 summa
765 1693 824 1754 ope
840 1671 999 1747 '’enisum,
1012 1696 1051 1736 ne
1068 1674 1128 1738 tale
1142 1675 1303 1739 decretum
1319 1675 1378 1740 lie·

180 1765 240 1831 r'et.
265 1764 315 1824 Ita
327 1757 626 1841 bunumpublicum,
638 1757 715 1820 utin
729 1758 885 1841 plerisque
896 1761 1031 1842 negotiis
1046 1761 1136 1839 solet,
1147 1761 1263 1844 privata
1275 1763 1380 1846 gratie
1400 1789 1407 1800 ·

73 1837 80 1852 ’
180 1849 355 1913 devictum.
381 1845 555 1926 -Legantur
571 1844 721 1914 tamenin
734 1843 882 1906 Africam
898 1848 1054 1928 cmajores
1069 1863 1144 1910 natu
1159 1849 1291 1926 nobiles,
1307 1869 1376 1911 am-

124 1945 128 1953 ‘
146 1919 161 1993 ‘v
179 1935 240 2020 plis
252 1931 422 1998 honoribus
433 1930 503 1992 usi:
521 1929 554 1990 in
569 1929 643 2010 quis
659 1928 720 1993 luit
736 1929 788 1992 M.
806 1929 954 2012 ScauruS,
969 1933 1009 1994 de
1026 1954 1091 2014 quo
1106 1930 1200 2016 supra
1217 1955 1377 1998 memora-

180 2023 298 2094 vimuS,
313 2016 499 2092 consularis,
510 2029 541 2076 et
556 2029 625 2077 tum
637 2019 764 2078 senatus
779 2013 959 2100 dprinceps.
984 2018 1042 2095 Hi,
1053 2019 1139 2101 quod
1151 2019 1184 2082 in
1196 2021 1314 2084 invidit
1325 2041 1380 2086 res

179 2123 258 2185 erat,
288 2104 383 2168 simul
410 2116 442 2163 et
473 2098 490 2160 ὲ
516 2100 699 2164 ‘Numidis
724 2102 888 2178 obsecrati,
918 2103 1025 2166 triduo
1051 2104 1157 2166 navim
1183 2108 1375 2171 ascendere:
1399 2187 1401 2190 Ι

179 2195 254 2264 dein
276 2185 366 2254 brevi
388 2185 401 2226 f
411 2185 540 2250 Uticam
567 2185 703 2268 adpulsi,
719 2187 827 2249 literas
849 2189 891 2250 ad
906 2189 1097 2272 Jugurtbam
1120 2191 1261 2270 mittunt,
1279 2190 1377 2277 quam

177 2275 327 2342 ocissime
344 2276 385 2336 ad
401 2271 594 2356 provinciam
611 2273 759 2346 accedam
776 2295 810 2335 se
826 2273 867 2338 ad
882 2295 955 2336 eum
969 2277 1008 2338 ab
1023 2290 1133 2340 senatu
1148 2278 1272 2346 missos.
1305 2279 1379 2360 Ille,

179 2365 234 2428 ubi
261 2362 381 2444 accepit
404 2359 548 2422 homines
575 2359 686 2436 clame,
710 2375 847 2442 quorum
872 2361 1090 2424 attctoritatem
1119 2361 1232 2432 Romae
1258 2367 1379 2450 pollere

178 2449 354 2524 audiverat,
370 2457 476 2508 contra
497 2444 655 2528 inceptum
677 2444 928 2512 suumvenisse:
952 2447 1057 2529 primd
1077 2465 1254 2518 commotus
1272 2457 1378 2532 metu,

179 2551 273 2617 atque
296 2531 449 2607 lubidine,
477 2529 645 2594 ‘diversus
669 2532 856 2612 agitabatur.
902 2531 1051 2598 Timebat
1070 2535 1155 2600 *iram
1180 2543 1319 2616 senatus,
1341 2541 1378 2602 ni

179 2621 336 2706 paruisset
353 2617 482 2700 legatis:
505 2616 599 2700 porrd
617 2616 739 2681 animus
756 2617 904 2700 cupidine
921 2640 1020 2686 cacus
1036 2620 1077 2682 ad
1095 2620 1255 2704 inceptum
1271 2625 1377 2691 scelus

177 2707 328 2788 rapiebat.
351 2704 441 2784 Vicit
454 2692 607 2764 tamen'iu
627 2701 747 2772 ravido
763 2702 890 2785 ingenio
905 2725 1038 2786 pravum
1055 2707 1230 2780 consilium.
1257 2709 1377 2792 Igitur,

177 2791 320 2855 exercitu
335 2789 561 2868 ⁵circumdato,
576 2787 700 2850 summa
712 2787 745 2850 vi
763 2788 883 2852 Cirtam
902 2791 1076 2875 irrumpere
1092 2791 1215 2872 nititur,
1230 2795 1380 2860 maxime

621 2919 923 2972 INTERPRETATIO.

219 3037 231 3071 ¹
260 3031 511 3121 Quandoquidem
534 3051 567 3094 eo
578 3029 652 3117 fine
672 3043 763 3092 natus
829 3033 840 3068 ³
860 3033 915 3094 Vos
927 3053 979 3097 oro
990 3031 1163 3120 perfidem,
1175 3053 1238 3120 que
1249 3035 1376 3107 debetur

175 3139 253 3195 eum,
268 3134 302 3182 ut
317 3123 350 3182 iu
367 3130 419 3198 me]
427 3119 669 3189 ostenderentur,
685 3129 714 3177 et
730 3119 763 3178 in
786 3119 940 3180 amicitiae.
1250 3127 1252 3130 ’

175 3217 281 3288 aperto
294 3215 486 3289 ponerentur
502 3203 616 3266 scelera
632 3201 761 3288 Jugur·
828 3207 841 3240 ⁴
857 3205 895 3265 Iu
909 3205 1048 3270 diuersus
1057 3217 1168 3290 partes
1181 3207 1372 3270 tradebatur.

176 3295 281 3352 tue.-
395 3337 398 3345 t
828 3291 962 3373 ⁵Igitur
981 3294 1116 3356 exercitu
1132 3293 1248 3354 circum
1263 3294 1376 3356 maeuin

218 3379 231 3416 ²
249 3374 383 3438 Tantum
396 3396 448 3438 oro
460 3382 498 3436 rie
508 3395 564 3460 ego
577 3374 694 3436 inimici
706 3375 770 3462 irn-¹
784 3375 906 3438 diducto
922 3382 1039 3442 aummri
1055 3379 1089 3440 ui
1104 3375 1224 3442 Cirtam
1244 3389 1375 3444 conditu·

169 3466 260 3548 perio
282 3462 443 3546 subjiciar,
458 3482 531 3536 neue
548 3462 585 3524 ab
603 3473 760 3544 eucarpus
785 3463 966 3547 irrumpere.
1035 3534 1037 3538 ,

174 3569 269 3610 meum
285 3559 477 3634 torquentum
778 3574 780 3577 ·

641 3647 642 3650 '
676 3655 685 3662 ”
716 3677 830 3727 Νοτιιι.

206 3773 392 3838 antaeum]
414 3775 518 3842 Optime
533 3760 668 3831 clausulat
686 3774 758 3838 quia,
817 3791 833 3824 e
843 3777 982 3839 Numidia]
999 3776 1154 3829 Atherbalis
1166 3776 1273 3844 legatis.

171 3849 202 3891 ut
215 3848 293 3889 antea
301 3839 422 3894 vidimus.
433 3843 556 3892 Romanis
569 3843 637 3891 bona
648 3849 676 3892 et
685 3841 759 3890 firma
816 3841 831 3892 f
844 3843 964 3908 Uticam]
975 3845 1045 3894 Urbs
1055 3845 1108 3895 fuit
1117 3847 1170 3895 anti
1182 3847 1309 3906 nimime,
1319 3849 1374 3915 'l'y-

42 3957 45 3967 ,
95 3971 97 3976 Ι
158 3907 663 3972 ἐὁιιιρειΜιιεῑιιὶεεκιιιιιὶεἰιὶιῖιιειαι.
716 3941 720 3948 -
783 3909 883 3962 tiorum
897 3912 1009 3971 colonia,
1019 3927 1070 3962 nun
1082 3910 1374 3982 longeacarthagine,

204 3975 220 4024 b
239 3972 361 4034 Emeum]
384 3974 491 4024 Passive
513 3975 586 4044 quud
604 3971 692 4026 facile·
705 3991 755 4025 non
783 3976 817 4025 ad
828 3993 960 4028 occasum.
1048 4015 1052 4020 -

124 4057 127 4063 ·
168 4048 211 4092 ‘est
224 4039 389 4092 imitandum.
815 4045 944 4107 gabulo]
966 4046 1073 4111 Imperii
1088 4045 1203 4096 scilicet.
1220 4045 1273 4096 Vix
1302 4045 1373 4097 ussit

126 4161 129 4166 ,
181 4106 364 4174 ,ε’ΜαῘονει]
385 4103 647 4160 Anteauolescenus
661 4107 754 4159 missos
781 4109 1212 4181 quisquamsibiconsulere,dum
1226 4114 1265 4162 ita
1295 4121 1374 4178 agrat

159 4173 251 4225 'fnisse
264 4175 396 4224 vidimus„
654 4175 664 4194 ⁴
781 4178 913 4241 cupiditas
923 4198 931 4230 z
943 4176 1064 4247 adedque
1078 4187 1143 4232 tune
1152 4175 1269 4233 maxime
1283 4181 1374 4246 quies·

202 4237 379 4307 diuinum]
404 4243 430 4290 Is
442 4247 499 4291 erat
509 4243 553 4305 qui
566 4241 701 4307 primus'in
715 4257 754 4292 re·
780 4244 902 4296 cendum·
1155 4273 1161 4286 ι
1298 4283 1301 4287 -

166 4305 751 4380 eognoscendusenaunbcensoriburaugus3

165 4381 194 4426 to
209 4373 472 4448 titulo,teqitabatur.
