3034 5054
183 279 247 338 800
631 266 883 334 SALLUSTll

181 457 248 516 cat;
269 440 351 504 anisi
368 437 451 504 forti
464 438 622 522 repentini
638 438 911 504 isti-frumentarii
933 435 1026 522 blege
1046 439 1155 506 munia
1170 455 1274 507 vestra
1290 465 1367 526 pen·

181 545 298 592 untur.
334 525 406 600 Qui
421 542 525 588 tamen
541 526 644 606 quiuis
660 527 775 588 modiis
790 527 983 588 clibertatem
999 527 1143 590 omnium
1159 529 1370 608 aestimavere,

180 615 235 696 qui
246 611 387 694 proiecti)
400 615 476 674 ¹non
487 609 621 693 ampliiia
634 628 761 694 possunt
773 610 1079 674 alimentiscarccris.
1099 613 1133 674 N
1136 633 1250 696 amque
1262 631 1299 678 ut
1306 616 1367 679 illia

180 700 352 780 exiguitate
364 719 448 760 mora
462 693 677 778 “probibetum
691 713 855 758 senescunt
869 699 970 758 vires:
983 695 1010 758 si
1026 719 1128 778 neque
1144 701 1279 762 absolvit
1293 704 1368 762 curii

179 783 327 848 familiari
352 793 437 844 ‘tam
452 803 547 864 parva
560 803 620 854 res,
637 797 669 843 et
682 782 875 864 ignavissimi
888 783 1005 862 quique
1017 783 1200 846 tenuissimi
1213 808 1268 867 spe
1283 782 1368 850 ffru-

179 883 331 935 strantur:
345 888 412 948 quae
423 885 524 938 tamen
535 870 677 950 quamvis
688 868 800 948 ampla,
809 867 956 948 quoniam
968 876 983 916 ὅ
993 867 1111 930 servitii
1122 871 1255 950 pretium
1263 887 1368 934 nstcu⁴

180 971 350 1031 caretur,cu
349 955 404 1036 jus
415 953 662 1034 torpediniacrat
671 950 785 1034 decipi,
794 968 1008 1016 ct‘vestrarum
1019 973 1125 1014 rerum
1137 955 1217 1018 ultrd
1228 952 1368 1039 hinjurii

179 1045 311 1122 gratiam
323 1038 455 1102 debere?
471 1034 639 1122 iNamque
653 1038 832 1112 alioniodo,
842 1049 944 1120 neque
960 1039 1063 1100 volem
1077 1039 1110 1100 in
1124 1040 1297 1115 universos,
1308 1063 1366 1104 ne·

179 1147 242 1208 quc
251 1123 653 1190 consecutaekcnvenuus
662 1139 764 1192 tamen
775 1125 866 1186 dolus
875 1139 932 1186 est.
945 1122 1073 1206 lltaque
1083 1125 1177 1188 simul
1186 1141 1370 1210 comparant

584 1275 587 1296 ¹
619 1276 918 1328 INTERPRETATIO.

222 1387 325 1476 ²de
341 1388 521 1470 tomen‘lege
536 1387 763 1450 estimaverunt
781 1386 834 1473 qui
851 1383 989 1472 profecti
1009 1405 1069 1450 non
1085 1386 1219 1471 ompltzlc
1235 1395 1368 1470 poscunt

177 1476 347 1538 libertatem
361 1476 493 1538 omnium
507 1475 610 1558 quinis
627 1473 746 1545 modiis,
755 1473 902 1556 prodesse
916 1470 1009 1558 qudm
1023 1473 1167 1538 attinente
1180 1475 1328 1538 carceris.

713 1603 831 1650 NOTAE.

211 1717 300 1766 aMri
314 1714 405 1779 forti]
427 1717 486 1764 Jam
506 1713 601 1778 sapius
618 1711 759 1782 ejusmodi,
785 1713 943 1767 Frumentum
955 1715 1090 1776 quidnobis
1100 1716 1142 1764 icti
1149 1717 1372 1786 polbbeatumet·

176 1782 280 1847 quibus¹
296 1782 340 1831 isti
364 1782 489 1844 garrdent,
512 1782 628 1831 vidimus
649 1780 760 1832 ironias:
786 1790 849 1828 tvaim
865 1792 922 1836 cati
937 1783 1001 1832 illud
1015 1785 1041 1831 in
1052 1799 1094 1830 voa
1107 1790 1153 1845 pro
1165 1784 1264 1832 novitio
1274 1792 1369 1842 vactro,

176 1847 386 1913 populumverd,
397 1848 448 1899 nisi
460 1849 610 1898 libertatem
620 1862 694 1898 suani
705 1847 761 1896 vin·
785 1851 859 1908 quoa
867 1852 989 1912 mancipio
998 1853 1092 1906 camna,
1103 1846 1260 1898 diambuum.
1277 1851 1319 1899 Aa
1328 1865 1370 1898 ur·

176 1917 259 1976 dicet,
268 1931 316 1980 pro
329 1916 426 1966 vilibus
438 1915 576 1980 mancipiis
588 1914 685 1973 baben
702 1911 759 1980 qui·
786 1930 833 1975 oue
844 1913 906 1966 oded
921 1918 1010 1978 ignaui
1020 1918 1098 1976 ntur,
1109 1927 1138 1966 ut
1154 1924 1237 1980 sponte
1249 1924 1368 1966 cortane-

178 1982 226 2032 bus
239 1984 392 2034 demensum
406 1997 484 2034 suurn
496 1984 519 2032 si
534 1981 691 2046 prebeatur,
702 1981 760 2050 qui·
785 1979 1346 2048 bariitantimprogratioinruperaccr'pintir?

176 2049 218 2102 vis
227 2047 305 2100 facile
316 2051 349 2100 ad
360 2061 453 2100 nutum
465 2052 503 2100 uti
513 2052 605 2112 possit.
817 2048 825 2095 i
836 2045 979 2110 Novoque]
990 2049 1126 2100 Rationem
1137 2047 1232 2106 reddit,
1240 2047 1367 2116 quamob-

156 2118 158 2130 '
212 2115 327 2181 Mage]
346 2117 426 2176 Hinc,
443 2115 522 2166 latam
536 2116 618 2166 ibisne
636 2113 757 2178 aliquam,
784 2127 849 2174 rem,
861 2128 909 2178 per
925 2117 1065 2168 maximam
1084 2117 1241 2176 socordiam,
1251 2116 1367 2166 frumen·

175 2197 226 2248 pro
241 2182 360 2234 iumento
378 2183 405 2233 id
421 2181 548 2248 populum
564 2179 758 2242 distribuendo,
784 2184 850 2239 turb,
862 2181 997 2246 servitutis
1014 2183 1140 2248 pretium,
1150 2199 1201 2233 non
1217 2181 1368 2248 oporteatb

176 2251 275 2300 clarum
288 2257 345 2302 est..
740 2295 741 2298 ,
783 2247 901 2310 patribus
913 2249 1048 2314 accipere,
1061 2252 1133 2316 qnia,
1145 2249 1309 2310 scilicetsilli
1317 2262 1368 2316 per·

210 2317 387 2370 obiicientem
401 2316 522 2379 omnium]
543 2315 619 2366 Nihil
633 2313 696 2382 fingi
712 2330 758 2379 po·
784 2313 810 2364 id
816 2311 991 2380 tantumplebi
995 2315 1091 2384 jugum
1099 2315 1369 2383 imponereconentur

176 2391 245 2432 terat
257 2380 343 2448 magis
362 2383 535 2440 invidiosum
553 2385 671 2448 quinque
689 2382 756 2433 enirn
815 2377 994 2448 imbuendus]
1004 2385 1112 2435 Nobiles
1121 2384 1191 2434 dixit
1199 2381 1366 2452 aliterqudui

175 2449 290 2509 modios,
303 2450 414 2515 singulis
427 2449 560 2500 mensibus
571 2465 619 2514 pro
633 2451 756 2500 demenso
782 2459 829 2510 per
840 2450 931 2513 populi
941 2452 1088 2504 socordiam
1102 2448 1241 2516 imperium
1252 2453 1367 2502 retinere

176 2516 260 2566 servis
270 2518 455 2568 metiebantur.
473 2520 567 2582 Neque
574 2515 637 2567 verd
645 2531 687 2567 rea
698 2517 757 2581 ipsi
783 2515 935 2580 nequidem
948 2519 1050 2576 conari;
1069 2519 1103 2570 de
1115 2535 1147 2568 eo
1159 2533 1227 2568 nunc
1236 2518 1364 2584 quodam-

175 2580 266 2644 modd‚
278 2584 326 2634 sed
341 2599 418 2634 rocco
432 2586 494 2648 ipsa
506 2583 629 2633 invidiam
642 2583 751 2642 lucinum
785 2583 863 2632 modo
885 2581 986 2649 aliquid
1007 2585 1116 2650 excipit,
1133 2584 1313 2652 populumque
1335 2590 1366 2634 ut

176 2651 246 2700 dixit
258 2651 327 2700 enim
341 2655 444 2700 omnium
454 2651 604 2702 libertatern
618 2666 704 2702 carere
712 2652 757 2704 ali·
783 2658 874 2700 caveat
884 2649 964 2700 dolos'
973 2651 1104 2702 admonet.
1249 2649 1259 2670 ’“

175 2719 273 2767 mentis
284 2719 449 2768 aestimatam.
815 2713 946 2781 istudne]
965 2719 1062 2769 Sensim
1077 2717 1192 2786 pendet;
1207 2717 1257 2770 bic
1269 2726 1366 2778 umen,

209 2784 227 2832 d
238 2785 406 2846 Parilicium]
417 2783 541 2849 intellige
552 2781 655 2845 tarztrim,
666 2783 694 2835 id
705 2793 756 2846 est,
782 2779 811 2836 br
819 2797 904 2848 neque
914 2786 1060 2846 alibi,nibil
1068 2795 1235 2851 muto,prour
1244 2783 1367 2836 secarunt

176 2867 224 2899 non
244 2848 347 2914 amputa
361 2861 465 2915 percunt
484 2853 533 2902 laec
553 2855 667 2902 olinrentn
682 2851 757 2916 xprium
779 2849 826 2902 alii
835 2849 868 2900 ad
877 2851 980 2903 libitum
987 2861 1122 2920 perlatam
1129 2853 1366 2918 buncorationem3

175 2928 273 2967 mortem
280 2921 417 2983 prohibere,
781 2919 851 2981 quia,
864 2917 975 2978 scilicet,
987 2935 1028 2972 mc
1044 2923 1147 2972 nescire
1163 2919 1251 2972 malim
1262 2919 1366 2979 dicere,

208 2987 301 3036 eTom
313 2993 396 3050 paron
408 2983 466 3049 ren]
486 2985 557 3036 Dicit
571 2985 687 3052 quinque
704 3001 756 3038 mo·
781 3001 858 3051 quam
872 2986 1006 3049 quidlibet
1023 2989 1161 3042 somniare.
1196 2987 1262 3044 Quis
1280 2987 1366 3052 igitur

175 3049 233 3102 dios
245 3049 350 3103 familiae
362 3052 461 3104 alendae
472 3067 522 3102 non
534 3055 597 3106 satis
607 3070 673 3102 esse.
780 3065 873 3102 sensus
885 3055 892 3100 i
910 3053 1001 3104 Dicam
1012 3054 1082 3117 quod
1093 3056 1204 3106 videtur.
1239 3057 1268 3104 ln
1282 3069 1365 3102 unum

210 3118 224 3168 f
228 3121 415 3183 Frentranorum]
425 3122 594 3185 Diripiuntnr.
610 3119 686 3170 Istud
692 3115 756 3168 verd
780 3118 886 3169 studuit
895 3119 940 3170 hic
950 3123 1071 3172 tribunus
1082 3132 1179 3181 noster,
1193 3129 1222 3171 ut
1234 3119 1365 3186 populum

175 3185 289 3234 maximo
299 3186 409 3236 artificio
419 3188 549 3236 intextum
559 3193 617 3236 est:
627 3185 755 3238 nonenim
780 3185 905 3251 erigeret,
917 3195 997 3254 atque
1008 3187 1041 3240 ed
1055 3189 1204 3253 impelleret
1214 3197 1242 3236 et
1253 3187 1365 3236 tribuni.

175 3249 255 3300 modii
266 3251 378 3316 plebem,
387 3255 448 3318 lege
459 3253 640 3306 frumentarii,
651 3251 668 3302 a
678 3254 757 3317 patri·
781 3255 822 3302 tiae
834 3253 972 3318 potestatis
983 3255 1140 3322 omniajura
1150 3259 1290 3306 revocaret.
1306 3255 1364 3302 Du·

174 3317 226 3367 bus
240 3317 267 3369 in
284 3317 403 3370 fraudem
423 3319 537 3371 illectam
551 3335 608 3369 esse
623 3320 698 3382 dicit,
708 3320 755 3368 secl
781 3335 838 3369 rum
856 3315 920 3371 vend
937 3322 1092 3372 videbatur?
1112 3319 1187 3390 qudd
1205 3320 1364 3386 Pompeium

174 3386 333 3436 assentando
354 3387 434 3439 etiam
458 3402 505 3452 per
524 3401 615 3436 vocem
640 3386 753 3436 maxime
779 3403 870 3438 omnes
882 3397 1041 3450 metuerent,
1050 3405 1136 3456 neque
1153 3395 1251 3440 metum
1264 3402 1364 3453 augere

173 3453 400 3514 contumeliosam,
418 3453 522 3520 quando
539 3453 607 3505 dicit
624 3458 755 3518 ignaviori·
779 3469 845 3518 opus
858 3453 918 3504 fuit.
946 3456 994 3506 llic
1006 3456 1090 3522 igitur
1103 3464 1161 3508 arte
1172 3462 1271 3508 tractat
1281 3469 1364 3518 popu·

173 3535 223 3570 mor
230 3520 366 3585 fiuatrari,
380 3522 455 3586 quasi
469 3520 571 3571 scilicet
582 3521 755 3571 arbitraretur
780 3522 842 3582 lum,
852 3519 1111 3588 (quodpostrnodum
1120 3521 1363 3588 magispatebitht

173 3589 346 3648 paucissimos
372 3589 399 3638 in
423 3602 483 3638 eum
504 3588 596 3639 dolum
619 3589 754 3648 incidisse,
778 3589 864 3638 obiter
878 3589 944 3638 illud
961 3589 1052 3656 in'quo
1064 3591 1162 3642 harere
1173 3600 1273 3655 posset,
1286 3590 1364 3640 attin·
1399 3602 1402 3611 ·

171 3651 277 3714 plebem
295 3656 406 3706 eandam
422 3671 457 3706 cx
474 3655 519 3706 illo
537 3664 641 3720 patrum
659 3655 753 3719 laqueo
778 3655 833 3720 git:
851 3653 903 3706 irnd
914 3655 948 3706 de
959 3656 1008 3707 isto
1021 3658 1138 3722 Pompeii
1151 3665 1234 3715 metu,
1245 3657 1320 3722 quasi
1334 3653 1362 3704 in

171 3720 290 3770 retinuit.
314 3723 373 3770 Non
384 3729 427 3774 est
440 3720 513 3774 certe
527 3723 628 3772 minimi
641 3737 755 3771 momen·
779 3738 810 3770 eo
819 3729 921 3786 patrum
931 3723 1008 3774 dolus
1018 3725 1123 3790 positus
1131 3734 1212 3784 esset,
1220 3725 1282 3790 agit.
1294 3723 1362 3772 Dico

172 3786 205 3846 ti,
220 3786 254 3836 ad
274 3785 460 3849 impellendum
480 3789 599 3839 homines
620 3804 655 3838 au
672 3787 753 3838 virtu·
780 3789 1362 3860 igitur,exhominiaingenio,cujusmensest
1398 3798 1402 3802 '

172 3859 237 3912 tem,
254 3852 307 3902 illia
325 3853 467 3918 ingenitam
485 3871 545 3906 esse
564 3855 703 3906 simulare:
721 3871 752 3904 eo
778 3857 909 3906 involvere
917 3867 945 3907 et
952 3857 1202 3920 obscurare‚voceni
1211 3863 1363 3922 itaqueesse

171 3921 250 3972 modo
263 3919 369 3984 impune
387 3922 452 3974 licet
463 3921 576 3984 eavitia,
588 3938 645 3990 quac
657 3921 695 3972 illi
709 3921 753 3974 de·
777 3923 1203 3992 exponendarmeiusquevim,per
1211 3934 1363 3988 respectum

169 3985 318 4046 tenderent,
330 3988 461 4038 insectari.
777 3991 810 4039 ad
829 4007 938 4056 scopum
956 3991 1043 4058 magis
1056 3991 1136 4060 quiam
1154 3992 1361 4050 adorationem,

197 4057 337 4120 ,gSeroitii
354 4055 484 4118 pretione]
505 4059 544 4106 De
565 4056 678 4122 quinque
700 4069 750 4105 mo·
776 4073 834 4108 esse
847 4057 1055 4126 intelligendam:
1068 4065 1144 4121 Puta,
1152 4059 1175 4110 si
1183 4059 1362 4121 voles‚tranai-

170 4120 223 4172 diis
233 4121 300 4186 agit,
315 4128 396 4186 atque
414 4122 523 4183 indicat,
535 4122 684 4173 libertatem
698 4125 751 4188 qud
776 4125 875 4175 tionem
884 4141 952 4186 esse,
960 4127 1000 4176 vel
1008 4126 1128 4189 'proxime
1138 4127 1172 4176 ad
1182 4129 1249 4178 hanc
1257 4132 1361 4178 senten-

171 4185 188 4236 d
203 4189 335 4238 nobilibus
344 4187 425 4252 plebii
438 4189 685 4250 intercludebantur,
696 4193 752 4240 nul·
776 4193 837 4240 tiam
847 4190 950 4254 referri,
955 4200 1041 4255 potres
1047 4197 1115 4244 vobio
1118 4203 1213 4258 purant
1220 4197 1360 4250 doba‚·‘ita·

170 4254 199 4303 lo
209 4269 287 4318 posse
300 4254 386 4319 pretio
397 4257 568 4319 compensari.
655 4277 676 4284 ff
776 4259 1358 4325 que,&ehaece'nim'prupositioinillialterrl
1418 4290 1425 4304 ι

203 4321 352 4388 buriano]
370 4322 482 4375 Perinde
496 4330 540 4377 est
555 4339 586 4376 ao
603 4323 626 4376 si
639 4323 751 4387 diceret,
776 4325 930 4390 includitur,
947 4328 1079 4378 cosentina
1091 4340 1170 4380 tamen
1182 4331 1311 4380 dolarent,
1341 4335 1360 4348 ·'
