<?xml version="1.0" encoding="UTF-8"?>
<!DOCTYPE html PUBLIC "-//W3C//DTD XHTML 1.0 Transitional//EN"
    "http://www.w3.org/TR/xhtml1/DTD/xhtml1-transitional.dtd">
<html xmlns="http://www.w3.org/1999/xhtml" xml:lang="en" lang="en">
 <head>
  <title>
</title>
<meta http-equiv="Content-Type" content="text/html;charset=utf-8" />
  <meta name='ocr-system' content='tesseract 3.04.00' />
  <meta name='ocr-capabilities' content='ocr_page ocr_carea ocr_par ocr_line ocrx_word'/>
</head>
<body>
  <div class='ocr_page' id='page_1' title='image "./operaomniaquaee00crisgoog_0134.png"; bbox 0 0 3034 5060; ppageno 0'>
   <div class='ocr_carea' id='block_1_1' title="bbox 434 277 1327 372">
    <p class='ocr_par' dir='ltr' id='par_1_1' title="bbox 434 277 1327 372">
     <span class='ocr_line' id='line_1_1' title="bbox 434 277 1327 372; baseline 0.001 -20"><span class='ocrx_word' id='word_1_1' title='bbox 434 278 636 366; x_wconf 72' lang='lat' dir='ltr'>assuunt</span> <span class='ocrx_word' id='word_1_2' title='bbox 660 277 1036 372; x_wconf 74' lang='lat' dir='ltr'>Jununrnru&#39;u&#39;tt.</span> <span class='ocrx_word' id='word_1_3' title='bbox 1268 287 1327 353; x_wconf 79' lang='lat'>121</span> 
     </span>
    </p>
   </div>
   <div class='ocr_carea' id='block_1_2' title="bbox 141 449 1336 2422">
    <p class='ocr_par' dir='ltr' id='par_1_2' title="bbox 141 449 1336 2422">
     <span class='ocr_line' id='line_1_2' title="bbox 148 449 1332 545; baseline 0.002 -23"><span class='ocrx_word' id='word_1_4' title='bbox 148 479 223 525; x_wconf 80' lang='lat' dir='ltr'>uam</span> <span class='ocrx_word' id='word_1_5' title='bbox 239 457 360 539; x_wconf 83' lang='lat' dir='ltr'>insolita</span> <span class='ocrx_word' id='word_1_6' title='bbox 374 456 468 522; x_wconf 83' lang='lat' dir='ltr'>facies</span> <span class='ocrx_word' id='word_1_7' title='bbox 483 460 661 526; x_wconf 78' lang='lat' dir='ltr'><strong>ostenderet</strong></span> <span class='ocrx_word' id='word_1_8' title='bbox 673 461 759 545; x_wconf 86' lang='lat' dir='ltr'>(nam</span> <span class='ocrx_word' id='word_1_9' title='bbox 769 462 855 534; x_wconf 69' lang='lat' dir='ltr'>,inter</span> <span class='ocrx_word' id='word_1_10' title='bbox 869 461 1003 544; x_wconf 85' lang='lat' dir='ltr'>virgulta</span> <span class='ocrx_word' id='word_1_11' title='bbox 1018 459 1104 542; x_wconf 75' lang='lat' dir='ltr'>equi,</span> <span class='ocrx_word' id='word_1_12' title='bbox 1119 449 1332 542; x_wconf 78' lang='lat' dir='ltr'>Numidaeqne</span> 
     </span>
     <span class='ocr_line' id='line_1_3' title="bbox 148 540 1331 630; baseline 0 -20"><span class='ocrx_word' id='word_1_13' title='bbox 148 547 362 630; x_wconf 72' lang='lat' dir='ltr'>consederant,</span> <span class='ocrx_word' id='word_1_14' title='bbox 384 568 484 627; x_wconf 87' lang='lat' dir='ltr'>neque</span> <span class='ocrx_word' id='word_1_15' title='bbox 507 540 597 626; x_wconf 69' lang='lat' dir='ltr'>plani</span> <span class='ocrx_word' id='word_1_16' title='bbox 622 549 766 612; x_wconf 86' lang='lat' dir='ltr'>occultati</span> <span class='ocrx_word' id='word_1_17' title='bbox 789 547 963 612; x_wconf 86' lang='lat' dir='ltr'>bumilitate</span> <span class='ocrx_word' id='word_1_18' title='bbox 985 549 1143 624; x_wconf 87' lang='lat' dir='ltr'>arborum,</span> <span class='ocrx_word' id='word_1_19' title='bbox 1170 563 1201 610; x_wconf 88' lang='lat' dir='ltr'>ct</span> <span class='ocrx_word' id='word_1_20' title='bbox 1224 557 1331 610; x_wconf 79' lang='lat' dir='ltr'>tamen</span> 
     </span>
     <span class='ocr_line' id='line_1_4' title="bbox 148 630 1330 716; baseline 0 -24"><span class='ocrx_word' id='word_1_21' title='bbox 148 639 163 670; x_wconf 82' lang='lat'>²</span> <span class='ocrx_word' id='word_1_22' title='bbox 174 633 280 694; x_wconf 80' lang='lat' dir='ltr'>incerti</span> <span class='ocrx_word' id='word_1_23' title='bbox 301 633 450 714; x_wconf 80' lang='lat' dir='ltr'>quidnam</span> <span class='ocrx_word' id='word_1_24' title='bbox 466 645 558 704; x_wconf 87' lang='lat' dir='ltr'>esset,</span> <span class='ocrx_word' id='word_1_25' title='bbox 574 631 649 696; x_wconf 80' lang='lat' dir='ltr'>cum</span> <span class='ocrx_word' id='word_1_26' title='bbox 666 636 772 696; x_wconf 79' lang='lat' dir='ltr'>natura</span> <span class='ocrx_word' id='word_1_27' title='bbox 786 635 858 708; x_wconf 89' lang='lat' dir='ltr'>loci,</span> <span class='ocrx_word' id='word_1_28' title='bbox 873 649 940 694; x_wconf 86' lang='lat' dir='ltr'>tum</span> <span class='ocrx_word' id='word_1_29' title='bbox 960 630 1056 694; x_wconf 84' lang='lat' dir='ltr'>bdolo</span> <span class='ocrx_word' id='word_1_30' title='bbox 1072 631 1143 716; x_wconf 88' lang='lat' dir='ltr'>ipsi,</span> <span class='ocrx_word' id='word_1_31' title='bbox 1158 646 1250 714; x_wconf 84' lang='lat' dir='ltr'>atque</span> <span class='ocrx_word' id='word_1_32' title='bbox 1266 633 1330 716; x_wconf 86' lang='lat' dir='ltr'>sig·</span> 
     </span>
     <span class='ocr_line' id='line_1_5' title="bbox 149 715 1332 800; baseline 0.002 -22"><span class='ocrx_word' id='word_1_33' title='bbox 149 739 191 778; x_wconf 84' lang='lat' dir='ltr'>na</span> <span class='ocrx_word' id='word_1_34' title='bbox 213 718 356 780; x_wconf 86' lang='lat' dir='ltr'>militaria</span> <span class='ocrx_word' id='word_1_35' title='bbox 377 715 571 798; x_wconf 79' lang='lat' dir='ltr'>cobscurati)</span> <span class='ocrx_word' id='word_1_36' title='bbox 588 718 671 795; x_wconf 78' lang='lat' dir='ltr'>dein,</span> <span class='ocrx_word' id='word_1_37' title='bbox 686 715 774 781; x_wconf 85' lang='lat' dir='ltr'>brevi</span> <span class='ocrx_word' id='word_1_38' title='bbox 797 719 929 800; x_wconf 84' lang='lat' dir='ltr'>cognitis</span> <span class='ocrx_word' id='word_1_39' title='bbox 952 717 1084 795; x_wconf 85' lang='lat' dir='ltr'>insidiis,</span> <span class='ocrx_word' id='word_1_40' title='bbox 1101 717 1257 800; x_wconf 84' lang='lat' dir='ltr'>paulisper</span> <span class='ocrx_word' id='word_1_41' title='bbox 1276 737 1332 800; x_wconf 84' lang='lat' dir='ltr'>ag·</span> 
     </span>
     <span class='ocr_line' id='line_1_6' title="bbox 148 799 1333 886; baseline 0.002 -22"><span class='ocrx_word' id='word_1_42' title='bbox 148 823 220 864; x_wconf 86' lang='lat' dir='ltr'>men</span> <span class='ocrx_word' id='word_1_43' title='bbox 238 803 428 870; x_wconf 82' lang='lat' dir='ltr'>¹eonstituit.</span> <span class='ocrx_word' id='word_1_44' title='bbox 473 801 523 865; x_wconf 90' lang='lat' dir='ltr'>Ibi</span> <span class='ocrx_word' id='word_1_45' title='bbox 538 799 759 876; x_wconf 84' lang='lat' dir='ltr'>dcommutatis</span> <span class='ocrx_word' id='word_1_46' title='bbox 774 803 946 882; x_wconf 86' lang='lat' dir='ltr'>ordinibus,</span> <span class='ocrx_word' id='word_1_47' title='bbox 958 805 988 867; x_wconf 90' lang='lat' dir='ltr'>iu</span> <span class='ocrx_word' id='word_1_48' title='bbox 1004 805 1115 866; x_wconf 85' lang='lat' dir='ltr'>dextro</span> <span class='ocrx_word' id='word_1_49' title='bbox 1126 803 1234 882; x_wconf 82' lang='lat' dir='ltr'>latete,</span> <span class='ocrx_word' id='word_1_50' title='bbox 1245 799 1333 886; x_wconf 87' lang='lat' dir='ltr'>quod</span> 
     </span>
     <span class='ocr_line' id='line_1_7' title="bbox 144 887 1332 971; baseline 0.003 -24"><span class='ocrx_word' id='word_1_51' title='bbox 144 888 328 969; x_wconf 85' lang='lat' dir='ltr'>proximum</span> <span class='ocrx_word' id='word_1_52' title='bbox 344 887 443 950; x_wconf 89' lang='lat' dir='ltr'>hostis</span> <span class='ocrx_word' id='word_1_53' title='bbox 462 902 539 964; x_wconf 91' lang='lat' dir='ltr'>erat,</span> <span class='ocrx_word' id='word_1_54' title='bbox 560 889 732 971; x_wconf 83' lang='lat' dir='ltr'>triplicibus</span> <span class='ocrx_word' id='word_1_55' title='bbox 754 889 923 952; x_wconf 81' lang='lat' dir='ltr'>esubsidiis</span> <span class='ocrx_word' id='word_1_56' title='bbox 944 890 1041 950; x_wconf 81' lang='lat' dir='ltr'>aciem</span> <span class='ocrx_word' id='word_1_57' title='bbox 1061 889 1227 961; x_wconf 84' lang='lat' dir='ltr'>instruxit;</span> <span class='ocrx_word' id='word_1_58' title='bbox 1250 889 1332 950; x_wconf 83' lang='lat' dir='ltr'>inter&#39;</span> 
     </span>
     <span class='ocr_line' id='line_1_8' title="bbox 144 972 1332 1060; baseline 0.002 -26"><span class='ocrx_word' id='word_1_59' title='bbox 144 975 322 1056; x_wconf 87' lang='lat' dir='ltr'>manipulos</span> <span class='ocrx_word' id='word_1_60' title='bbox 338 972 522 1060; x_wconf 78' lang='lat' dir='ltr'>funditores,</span> <span class='ocrx_word' id='word_1_61' title='bbox 534 991 564 1036; x_wconf 89' lang='lat' dir='ltr'>ct</span> <span class='ocrx_word' id='word_1_62' title='bbox 579 975 756 1056; x_wconf 82' lang='lat' dir='ltr'>sagittarios</span> <span class='ocrx_word' id='word_1_63' title='bbox 774 975 937 1058; x_wconf 86' lang='lat' dir='ltr'>dispertit;</span> <span class='ocrx_word' id='word_1_64' title='bbox 961 975 1133 1056; x_wconf 84' lang='lat' dir='ltr'>equitatum</span> <span class='ocrx_word' id='word_1_65' title='bbox 1151 993 1278 1036; x_wconf 88' lang='lat' dir='ltr'>omnem</span> <span class='ocrx_word' id='word_1_66' title='bbox 1298 974 1332 1036; x_wconf 90' lang='lat' dir='ltr'>iu</span> 
     </span>
     <span class='ocr_line' id='line_1_9' title="bbox 144 1055 1334 1144; baseline 0.001 -23"><span class='ocrx_word' id='word_1_67' title='bbox 144 1055 308 1121; x_wconf 78' lang='lat' dir='ltr'>fcornibus</span> <span class='ocrx_word' id='word_1_68' title='bbox 324 1057 424 1132; x_wconf 82' lang='lat' dir='ltr'>local;</span> <span class='ocrx_word' id='word_1_69' title='bbox 447 1073 478 1120; x_wconf 88' lang='lat' dir='ltr'>at</span> <span class='ocrx_word' id='word_1_70' title='bbox 493 1080 589 1141; x_wconf 91' lang='lat' dir='ltr'>pauca</span> <span class='ocrx_word' id='word_1_71' title='bbox 604 1082 661 1142; x_wconf 86' lang='lat' dir='ltr'>pro</span> <span class='ocrx_word' id='word_1_72' title='bbox 674 1077 814 1144; x_wconf 87' lang='lat' dir='ltr'>tempore</span> <span class='ocrx_word' id='word_1_73' title='bbox 829 1061 942 1122; x_wconf 85' lang='lat' dir='ltr'>milites</span> <span class='ocrx_word' id='word_1_74' title='bbox 958 1060 1109 1136; x_wconf 83' lang='lat' dir='ltr'>hortatus,</span> <span class='ocrx_word' id='word_1_75' title='bbox 1124 1059 1235 1132; x_wconf 87' lang='lat' dir='ltr'>aciem,</span> <span class='ocrx_word' id='word_1_76' title='bbox 1250 1057 1334 1122; x_wconf 83' lang='lat' dir='ltr'>sicut</span> 
     </span>
     <span class='ocr_line' id='line_1_10' title="bbox 144 1141 1332 1228; baseline 0 -22"><span class='ocrx_word' id='word_1_77' title='bbox 144 1143 349 1218; x_wconf 82' lang='lat' dir='ltr'>instruxerat,</span> <span class='ocrx_word' id='word_1_78' title='bbox 378 1146 583 1206; x_wconf 78' lang='lat' dir='ltr'>¹¹transversis</span> <span class='ocrx_word' id='word_1_79' title='bbox 605 1147 764 1228; x_wconf 89' lang='lat' dir='ltr'>principiis</span> <span class='ocrx_word' id='word_1_80' title='bbox 788 1147 818 1208; x_wconf 91' lang='lat' dir='ltr'>in</span> <span class='ocrx_word' id='word_1_81' title='bbox 844 1147 969 1228; x_wconf 83' lang='lat' dir='ltr'>plenum</span> <span class='ocrx_word' id='word_1_82' title='bbox 994 1145 1133 1208; x_wconf 85' lang='lat' dir='ltr'>deducit.</span> <span class='ocrx_word' id='word_1_83' title='bbox 1177 1145 1251 1222; x_wconf 86' lang='lat' dir='ltr'>Sed,</span> <span class='ocrx_word' id='word_1_84' title='bbox 1277 1141 1332 1207; x_wconf 88' lang='lat' dir='ltr'>ubi</span> 
     </span>
     <span class='ocr_line' id='line_1_11' title="bbox 144 1229 1333 1312; baseline 0 -20"><span class='ocrx_word' id='word_1_85' title='bbox 144 1229 310 1292; x_wconf 86' lang='lat' dir='ltr'>Numidas</span> <span class='ocrx_word' id='word_1_86' title='bbox 327 1231 459 1310; x_wconf 88' lang='lat' dir='ltr'>quietos,</span> <span class='ocrx_word' id='word_1_87' title='bbox 472 1251 573 1311; x_wconf 87' lang='lat' dir='ltr'>neque</span> <span class='ocrx_word' id='word_1_88' title='bbox 590 1231 667 1294; x_wconf 88' lang='lat' dir='ltr'>colle</span> <span class='ocrx_word' id='word_1_89' title='bbox 682 1231 812 1312; x_wconf 85' lang='lat' dir='ltr'>degredi</span> <span class='ocrx_word' id='word_1_90' title='bbox 829 1229 1058 1306; x_wconf 79' lang='lat' dir='ltr'>animadvertit,</span> <span class='ocrx_word' id='word_1_91' title='bbox 1074 1231 1190 1292; x_wconf 82' lang='lat' dir='ltr'>veritus</span> <span class='ocrx_word' id='word_1_92' title='bbox 1206 1229 1333 1292; x_wconf 79' lang='lat' dir='ltr'>exenni</span> 
     </span>
     <span class='ocr_line' id='line_1_12' title="bbox 143 1313 1333 1396; baseline 0.003 -20"><span class='ocrx_word' id='word_1_93' title='bbox 143 1329 353 1396; x_wconf 52' lang='lat' dir='ltr'>tempore,.et</span> <span class='ocrx_word' id='word_1_94' title='bbox 375 1315 482 1396; x_wconf 72' lang='lat' dir='ltr'>inopiis,</span> <span class='ocrx_word' id='word_1_95' title='bbox 498 1335 596 1395; x_wconf 88' lang='lat' dir='ltr'>aquae,</span> <span class='ocrx_word' id='word_1_96' title='bbox 616 1338 654 1376; x_wconf 88' lang='lat' dir='ltr'>ne</span> <span class='ocrx_word' id='word_1_97' title='bbox 678 1315 729 1378; x_wconf 87' lang='lat' dir='ltr'>siti</span> <span class='ocrx_word' id='word_1_98' title='bbox 753 1313 956 1378; x_wconf 87' lang='lat' dir='ltr'>conficeretur</span> <span class='ocrx_word' id='word_1_99' title='bbox 977 1314 1152 1387; x_wconf 81' lang='lat' dir='ltr'>exercitus;</span> <span class='ocrx_word' id='word_1_100' title='bbox 1177 1315 1333 1380; x_wconf 86' lang='lat' dir='ltr'>Rutilium</span> 
     </span>
     <span class='ocr_line' id='line_1_13' title="bbox 141 1399 1334 1484; baseline -0.001 -23"><span class='ocrx_word' id='word_1_101' title='bbox 141 1399 286 1480; x_wconf 85' lang='lat' dir='ltr'>legatum</span> <span class='ocrx_word' id='word_1_102' title='bbox 303 1421 375 1477; x_wconf 89' lang='lat' dir='ltr'>cum</span> <span class='ocrx_word' id='word_1_103' title='bbox 391 1400 545 1482; x_wconf 84' lang='lat' dir='ltr'>expeditis</span> <span class='ocrx_word' id='word_1_104' title='bbox 561 1401 752 1477; x_wconf 88' lang='lat' dir='ltr'>cohortibus,</span> <span class='ocrx_word' id='word_1_105' title='bbox 766 1416 797 1462; x_wconf 88' lang='lat' dir='ltr'>et</span> <span class='ocrx_word' id='word_1_106' title='bbox 813 1416 898 1482; x_wconf 88' lang='lat' dir='ltr'>parte</span> <span class='ocrx_word' id='word_1_107' title='bbox 915 1399 1069 1482; x_wconf 89' lang='lat' dir='ltr'>equitnm,</span> <span class='ocrx_word' id='word_1_108' title='bbox 1084 1399 1277 1484; x_wconf 68' lang='lat' dir='ltr'>premiserat</span> <span class='ocrx_word' id='word_1_109' title='bbox 1292 1399 1334 1462; x_wconf 87' lang='lat' dir='ltr'>ad</span> 
     </span>
     <span class='ocr_line' id='line_1_14' title="bbox 144 1483 1334 1570; baseline 0 -24"><span class='ocrx_word' id='word_1_110' title='bbox 144 1485 274 1562; x_wconf 85' lang='lat' dir='ltr'>fiumen,</span> <span class='ocrx_word' id='word_1_111' title='bbox 290 1487 335 1550; x_wconf 89' lang='lat' dir='ltr'>uti</span> <span class='ocrx_word' id='word_1_112' title='bbox 356 1487 459 1552; x_wconf 89' lang='lat' dir='ltr'>locum</span> <span class='ocrx_word' id='word_1_113' title='bbox 480 1486 588 1548; x_wconf 89' lang='lat' dir='ltr'>castris</span> <span class='ocrx_word' id='word_1_114' title='bbox 608 1483 679 1547; x_wconf 73' lang='lat' dir='ltr'>aute</span> <span class='ocrx_word' id='word_1_115' title='bbox 701 1501 834 1570; x_wconf 83' lang='lat' dir='ltr'>caperet.</span> <span class='ocrx_word' id='word_1_116' title='bbox 881 1484 1075 1548; x_wconf 79' lang='lat' dir='ltr'>Existimans</span> <span class='ocrx_word' id='word_1_117' title='bbox 1097 1487 1204 1548; x_wconf 83' lang='lat' dir='ltr'>ltostes</span> <span class='ocrx_word' id='word_1_118' title='bbox 1225 1486 1334 1546; x_wconf 88' lang='lat' dir='ltr'>crebro</span> 
     </span>
     <span class='ocr_line' id='line_1_15' title="bbox 144 1567 1335 1656; baseline 0.001 -26"><span class='ocrx_word' id='word_1_119' title='bbox 144 1567 276 1650; x_wconf 83' lang='lat' dir='ltr'>impetu,</span> <span class='ocrx_word' id='word_1_120' title='bbox 297 1585 328 1634; x_wconf 88' lang='lat' dir='ltr'>et</span> <span class='ocrx_word' id='word_1_121' title='bbox 351 1571 533 1634; x_wconf 84' lang='lat' dir='ltr'>transversis</span> <span class='ocrx_word' id='word_1_122' title='bbox 557 1573 668 1652; x_wconf 89' lang='lat' dir='ltr'>proeliis</span> <span class='ocrx_word' id='word_1_123' title='bbox 691 1573 751 1636; x_wconf 89' lang='lat' dir='ltr'>iter</span> <span class='ocrx_word' id='word_1_124' title='bbox 773 1593 866 1634; x_wconf 88' lang='lat' dir='ltr'>suum</span> <span class='ocrx_word' id='word_1_125' title='bbox 889 1589 1111 1644; x_wconf 81' lang='lat' dir='ltr'>remoraturos,</span> <span class='ocrx_word' id='word_1_126' title='bbox 1128 1587 1170 1650; x_wconf 90' lang='lat' dir='ltr'>et,</span> <span class='ocrx_word' id='word_1_127' title='bbox 1184 1571 1335 1656; x_wconf 86' lang='lat' dir='ltr'>quoniam</span> 
     </span>
     <span class='ocr_line' id='line_1_16' title="bbox 143 1655 1335 1736; baseline -0.002 -16"><span class='ocrx_word' id='word_1_128' title='bbox 143 1657 240 1720; x_wconf 86' lang='lat' dir='ltr'>armis</span> <span class='ocrx_word' id='word_1_129' title='bbox 256 1657 442 1733; x_wconf 88' lang='lat' dir='ltr'>diffiderent,</span> <span class='ocrx_word' id='word_1_130' title='bbox 462 1655 703 1736; x_wconf 82' lang='lat' dir='ltr'>hlassitudinem</span> <span class='ocrx_word' id='word_1_131' title='bbox 720 1674 751 1720; x_wconf 85' lang='lat' dir='ltr'>et</span> <span class='ocrx_word' id='word_1_132' title='bbox 766 1656 850 1720; x_wconf 88' lang='lat' dir='ltr'>sitim</span> <span class='ocrx_word' id='word_1_133' title='bbox 868 1658 1003 1720; x_wconf 88' lang='lat' dir='ltr'>rnilitum</span> <span class='ocrx_word' id='word_1_134' title='bbox 1019 1673 1201 1720; x_wconf 85' lang='lat' dir='ltr'>tentaturos.</span> <span class='ocrx_word' id='word_1_135' title='bbox 1249 1657 1335 1718; x_wconf 87' lang='lat' dir='ltr'>Dein</span> 
     </span>
     <span class='ocr_line' id='line_1_17' title="bbox 144 1738 1333 1826; baseline 0.001 -23"><span class='ocrx_word' id='word_1_136' title='bbox 144 1741 211 1822; x_wconf 86' lang='lat' dir='ltr'>ipse</span> <span class='ocrx_word' id='word_1_137' title='bbox 227 1763 284 1824; x_wconf 88' lang='lat' dir='ltr'>pro</span> <span class='ocrx_word' id='word_1_138' title='bbox 301 1764 347 1817; x_wconf 89' lang='lat' dir='ltr'>re,</span> <span class='ocrx_word' id='word_1_139' title='bbox 361 1758 452 1822; x_wconf 86' lang='lat' dir='ltr'>atquc</span> <span class='ocrx_word' id='word_1_140' title='bbox 466 1743 546 1816; x_wconf 90' lang='lat' dir='ltr'>loco,</span> <span class='ocrx_word' id='word_1_141' title='bbox 568 1738 680 1803; x_wconf 77' lang='lat' dir='ltr'>isicuti</span> <span class='ocrx_word' id='word_1_142' title='bbox 697 1760 801 1804; x_wconf 86' lang='lat' dir='ltr'>monte</span> <span class='ocrx_word' id='word_1_143' title='bbox 822 1739 1036 1819; x_wconf 80' lang='lat' dir='ltr'>descenderat,</span> <span class='ocrx_word' id='word_1_144' title='bbox 1052 1745 1200 1825; x_wconf 84' lang='lat' dir='ltr'>paulatim</span> <span class='ocrx_word' id='word_1_145' title='bbox 1225 1765 1333 1826; x_wconf 89' lang='lat' dir='ltr'>proce·</span> 
     </span>
     <span class='ocr_line' id='line_1_18' title="bbox 145 1823 1334 1910; baseline 0.002 -22"><span class='ocrx_word' id='word_1_146' title='bbox 145 1828 223 1888; x_wconf 88' lang='lat' dir='ltr'>dere</span> <span class='ocrx_word' id='word_1_147' title='bbox 235 1847 247 1900; x_wconf 76' lang='grc' dir='ltr'>ιΙ</span> <span class='ocrx_word' id='word_1_148' title='bbox 268 1827 412 1888; x_wconf 89' lang='lat' dir='ltr'>Marium</span> <span class='ocrx_word' id='word_1_149' title='bbox 428 1841 498 1906; x_wconf 86' lang='lat' dir='ltr'>post</span> <span class='ocrx_word' id='word_1_150' title='bbox 519 1823 695 1907; x_wconf 80' lang='lat' dir='ltr'>1¹principia</span> <span class='ocrx_word' id='word_1_151' title='bbox 710 1825 834 1898; x_wconf 85' lang='lat' dir='ltr'>habere,</span> <span class='ocrx_word' id='word_1_152' title='bbox 850 1828 915 1906; x_wconf 89' lang='lat' dir='ltr'>ipse</span> <span class='ocrx_word' id='word_1_153' title='bbox 932 1849 1004 1887; x_wconf 89' lang='lat' dir='ltr'>cum</span> <span class='ocrx_word' id='word_1_154' title='bbox 1025 1825 1157 1889; x_wconf 85' lang='lat' dir='ltr'>sinistrae</span> <span class='ocrx_word' id='word_1_155' title='bbox 1175 1831 1229 1890; x_wconf 84' lang='lat' dir='ltr'>alae</span> <span class='ocrx_word' id='word_1_156' title='bbox 1245 1829 1334 1910; x_wconf 89' lang='lat' dir='ltr'>equi·</span> 
     </span>
     <span class='ocr_line' id='line_1_19' title="bbox 145 1908 1335 1994; baseline 0.001 -21"><span class='ocrx_word' id='word_1_157' title='bbox 145 1913 231 1974; x_wconf 88' lang='lat' dir='ltr'>tibus</span> <span class='ocrx_word' id='word_1_158' title='bbox 253 1933 332 1987; x_wconf 86' lang='lat' dir='ltr'>esse,</span> <span class='ocrx_word' id='word_1_159' title='bbox 348 1912 401 1992; x_wconf 91' lang='lat' dir='ltr'>qui</span> <span class='ocrx_word' id='word_1_160' title='bbox 419 1911 453 1972; x_wconf 83' lang='lat' dir='ltr'>in</span> <span class='ocrx_word' id='word_1_161' title='bbox 468 1909 592 1992; x_wconf 80' lang='lat' dir='ltr'>agmine</span> <span class='ocrx_word' id='word_1_162' title='bbox 613 1908 788 1994; x_wconf 72' lang='lat' dir='ltr'>lprincipes</span> <span class='ocrx_word' id='word_1_163' title='bbox 803 1909 876 1972; x_wconf 88' lang='lat' dir='ltr'>facti</span> <span class='ocrx_word' id='word_1_164' title='bbox 892 1926 989 1974; x_wconf 78' lang='lat' dir='ltr'>erant·</span> <span class='ocrx_word' id='word_1_165' title='bbox 1036 1911 1082 1972; x_wconf 82' lang='lat' dir='ltr'>At</span> <span class='ocrx_word' id='word_1_166' title='bbox 1099 1913 1266 1992; x_wconf 87' lang='lat' dir='ltr'>Jugurtha,</span> <span class='ocrx_word' id='word_1_167' title='bbox 1281 1915 1335 1974; x_wconf 88' lang='lat' dir='ltr'>ubl</span> 
     </span>
     <span class='ocr_line' id='line_1_20' title="bbox 144 1995 1335 2078; baseline 0.003 -22"><span class='ocrx_word' id='word_1_168' title='bbox 144 2011 324 2060; x_wconf 82' lang='lat' dir='ltr'>extremum</span> <span class='ocrx_word' id='word_1_169' title='bbox 339 2017 451 2077; x_wconf 81' lang='lat' dir='ltr'>agmen</span> <span class='ocrx_word' id='word_1_170' title='bbox 467 1995 592 2056; x_wconf 88' lang='lat' dir='ltr'>Metelli</span> <span class='ocrx_word' id='word_1_171' title='bbox 608 2005 629 2033; x_wconf 89' lang='lat'>¹¹</span> <span class='ocrx_word' id='word_1_172' title='bbox 642 1998 758 2078; x_wconf 89' lang='lat' dir='ltr'>primos</span> <span class='ocrx_word' id='word_1_173' title='bbox 770 2017 843 2059; x_wconf 86' lang='lat' dir='ltr'>suos</span> <span class='ocrx_word' id='word_1_174' title='bbox 856 2014 1111 2078; x_wconf 69' lang='lat' dir='ltr'>praetergressum</span> <span class='ocrx_word' id='word_1_175' title='bbox 1124 1997 1221 2068; x_wconf 85' lang='lat' dir='ltr'>videt,</span> <span class='ocrx_word' id='word_1_176' title='bbox 1231 1999 1335 2078; x_wconf 84' lang='lat' dir='ltr'>praesi·</span> 
     </span>
     <span class='ocr_line' id='line_1_21' title="bbox 144 2079 1336 2164; baseline 0 -20"><span class='ocrx_word' id='word_1_177' title='bbox 144 2083 201 2144; x_wconf 90' lang='lat' dir='ltr'>dio</span> <span class='ocrx_word' id='word_1_178' title='bbox 214 2083 301 2162; x_wconf 86' lang='lat' dir='ltr'>quasi</span> <span class='ocrx_word' id='word_1_179' title='bbox 318 2082 416 2144; x_wconf 89' lang='lat' dir='ltr'>duum</span> <span class='ocrx_word' id='word_1_180' title='bbox 435 2081 567 2142; x_wconf 88' lang='lat' dir='ltr'>millium</span> <span class='ocrx_word' id='word_1_181' title='bbox 581 2083 722 2162; x_wconf 87' lang='lat' dir='ltr'>peditum</span> <span class='ocrx_word' id='word_1_182' title='bbox 735 2098 874 2144; x_wconf 89' lang='lat' dir='ltr'>montem</span> <span class='ocrx_word' id='word_1_183' title='bbox 886 2099 1027 2164; x_wconf 85' lang='lat' dir='ltr'>occupat,</span> <span class='ocrx_word' id='word_1_184' title='bbox 1039 2085 1099 2163; x_wconf 76' lang='lat' dir='ltr'>qui</span> <span class='ocrx_word' id='word_1_185' title='bbox 1113 2079 1264 2144; x_wconf 79' lang='lat' dir='ltr'>llletellus</span> <span class='ocrx_word' id='word_1_186' title='bbox 1280 2085 1336 2146; x_wconf 85' lang='lat' dir='ltr'>de-</span> 
     </span>
     <span class='ocr_line' id='line_1_22' title="bbox 144 2163 1336 2250; baseline 0.002 -22"><span class='ocrx_word' id='word_1_187' title='bbox 144 2169 327 2230; x_wconf 84' lang='lat' dir='ltr'>scenderat:</span> <span class='ocrx_word' id='word_1_188' title='bbox 351 2190 389 2230; x_wconf 88' lang='lat' dir='ltr'>ne</span> <span class='ocrx_word' id='word_1_189' title='bbox 405 2163 486 2246; x_wconf 63' lang='lat' dir='ltr'>forti</span> <span class='ocrx_word' id='word_1_190' title='bbox 511 2167 693 2230; x_wconf 84' lang='lat' dir='ltr'>cedentibus</span> <span class='ocrx_word' id='word_1_191' title='bbox 716 2169 903 2230; x_wconf 87' lang='lat' dir='ltr'>adversariis</span> <span class='ocrx_word' id='word_1_192' title='bbox 925 2170 1076 2250; x_wconf 83' lang='lat' dir='ltr'>receptui,</span> <span class='ocrx_word' id='word_1_193' title='bbox 1093 2189 1128 2229; x_wconf 89' lang='lat' dir='ltr'>ac</span> <span class='ocrx_word' id='word_1_194' title='bbox 1146 2166 1218 2250; x_wconf 75' lang='lat' dir='ltr'>prist</span> <span class='ocrx_word' id='word_1_195' title='bbox 1234 2169 1336 2232; x_wconf 90' lang='lat' dir='ltr'>muni·</span> 
     </span>
     <span class='ocr_line' id='line_1_23' title="bbox 144 2245 1336 2337; baseline 0.002 -25"><span class='ocrx_word' id='word_1_196' title='bbox 144 2245 264 2329; x_wconf 86' lang='lat' dir='ltr'>mento,</span> <span class='ocrx_word' id='word_1_197' title='bbox 281 2251 378 2316; x_wconf 85' lang='lat' dir='ltr'>foret:</span> <span class='ocrx_word' id='word_1_198' title='bbox 402 2252 486 2327; x_wconf 87' lang='lat' dir='ltr'>dein,</span> <span class='ocrx_word' id='word_1_199' title='bbox 508 2249 636 2334; x_wconf 67' lang='lat' dir='ltr'>repentis</span> <span class='ocrx_word' id='word_1_200' title='bbox 660 2255 749 2337; x_wconf 82' lang='lat' dir='ltr'>signo</span> <span class='ocrx_word' id='word_1_201' title='bbox 772 2255 856 2329; x_wconf 82' lang='lat' dir='ltr'>elato,</span> <span class='ocrx_word' id='word_1_202' title='bbox 879 2255 983 2318; x_wconf 85' lang='lat' dir='ltr'>hostes</span> <span class='ocrx_word' id='word_1_203' title='bbox 1006 2253 1137 2316; x_wconf 83' lang='lat' dir='ltr'>invadit.</span> <span class='ocrx_word' id='word_1_204' title='bbox 1184 2253 1336 2316; x_wconf 70' lang='lat' dir='ltr'>Numida</span> 
     </span>
     <span class='ocr_line' id='line_1_24' title="bbox 144 2336 1335 2422; baseline 0.003 -23"><span class='ocrx_word' id='word_1_205' title='bbox 144 2337 198 2400; x_wconf 87' lang='lat' dir='ltr'>alii</span> <span class='ocrx_word' id='word_1_206' title='bbox 221 2354 396 2422; x_wconf 85' lang='lat' dir='ltr'>postremos</span> <span class='ocrx_word' id='word_1_207' title='bbox 411 2340 550 2400; x_wconf 86' lang='lat' dir='ltr'>caedere:</span> <span class='ocrx_word' id='word_1_208' title='bbox 573 2336 678 2420; x_wconf 75' lang='lat' dir='ltr'>parsi</span> <span class='ocrx_word' id='word_1_209' title='bbox 699 2339 832 2416; x_wconf 75' lang='lat' dir='ltr'>sinistri,</span> <span class='ocrx_word' id='word_1_210' title='bbox 848 2362 883 2402; x_wconf 89' lang='lat' dir='ltr'>ac</span> <span class='ocrx_word' id='word_1_211' title='bbox 902 2340 1010 2404; x_wconf 76' lang='lat' dir='ltr'>dextri</span> <span class='ocrx_word' id='word_1_212' title='bbox 1032 2350 1046 2376; x_wconf 88' lang='lat'>¹</span> <span class='ocrx_word' id='word_1_213' title='bbox 1058 2355 1197 2402; x_wconf 85' lang='lat' dir='ltr'>tentare:</span> <span class='ocrx_word' id='word_1_214' title='bbox 1222 2337 1335 2402; x_wconf 79' lang='lat' dir='ltr'>infensi</span> 
     </span>
    </p>
   </div>
   <div class='ocr_carea' id='block_1_3' title="bbox 585 2537 885 2588">
    <p class='ocr_par' dir='ltr' id='par_1_3' title="bbox 585 2537 885 2588">
     <span class='ocr_line' id='line_1_25' title="bbox 585 2537 885 2588; baseline 0 -4"><span class='ocrx_word' id='word_1_215' title='bbox 585 2537 885 2588; x_wconf 78' lang='lat' dir='ltr'>turnnPnnTnTto.</span> 
     </span>
    </p>
   </div>
   <div class='ocr_carea' id='block_1_4' title="bbox 143 2701 1335 2880">
    <p class='ocr_par' dir='ltr' id='par_1_4' title="bbox 143 2701 1335 2880">
     <span class='ocr_line' id='line_1_26' title="bbox 187 2701 1335 2800; baseline -0.002 -30"><span class='ocrx_word' id='word_1_216' title='bbox 187 2708 199 2746; x_wconf 79' lang='lat'>²</span> <span class='ocrx_word' id='word_1_217' title='bbox 219 2704 452 2800; x_wconf 30' lang='lat' dir='ltr'>Deinde-intra</span> <span class='ocrx_word' id='word_1_218' title='bbox 468 2705 557 2772; x_wconf 83' lang='lat' dir='ltr'>breve</span> <span class='ocrx_word' id='word_1_219' title='bbox 571 2715 687 2791; x_wconf 74' lang='lat' dir='ltr'>tenipus</span> <span class='ocrx_word' id='word_1_220' title='bbox 703 2707 837 2790; x_wconf 74' lang='lat' dir='ltr'>cognitis</span> <span class='ocrx_word' id='word_1_221' title='bbox 853 2707 987 2784; x_wconf 78' lang='lat' dir='ltr'>insidiis,</span> <span class='ocrx_word' id='word_1_222' title='bbox 1002 2707 1164 2790; x_wconf 82' lang='lat' dir='ltr'>pertlisper</span> <span class='ocrx_word' id='word_1_223' title='bbox 1181 2701 1335 2770; x_wconf 68' lang='lat' dir='ltr'>exercitia</span> 
     </span>
     <span class='ocr_line' id='line_1_27' title="bbox 143 2795 399 2880; baseline 0.004 -26"><span class='ocrx_word' id='word_1_224' title='bbox 143 2795 205 2856; x_wconf 76' lang='lat' dir='ltr'>iter</span> <span class='ocrx_word' id='word_1_225' title='bbox 219 2796 399 2880; x_wconf 76' lang='lat' dir='ltr'>suppressit.</span> 
     </span>
    </p>
   </div>
   <div class='ocr_carea' id='block_1_5' title="bbox 636 2965 798 3030">
    <p class='ocr_par' dir='ltr' id='par_1_5' title="bbox 636 2965 798 3030">
     <span class='ocr_line' id='line_1_28' title="bbox 636 2965 798 3030; baseline 0 -16"><span class='ocrx_word' id='word_1_226' title='bbox 636 3021 637 3030; x_wconf 8' lang='grc' dir='ltr'>χ</span> <span class='ocrx_word' id='word_1_227' title='bbox 683 2965 798 3014; x_wconf 75' lang='lat' dir='ltr'>uuna.</span> 
     </span>
    </p>
   </div>
   <div class='ocr_carea' id='block_1_6' title="bbox 143 3113 1336 4461">
    <p class='ocr_par' dir='ltr' id='par_1_6' title="bbox 143 3113 1336 3386">
     <span class='ocr_line' id='line_1_29' title="bbox 179 3113 1335 3183; baseline -0.003 -13"><span class='ocrx_word' id='word_1_228' title='bbox 179 3137 194 3170; x_wconf 87' lang='lat' dir='ltr'>a</span> <span class='ocrx_word' id='word_1_229' title='bbox 216 3118 329 3181; x_wconf 70' lang='lat' dir='ltr'>Incerti]</span> <span class='ocrx_word' id='word_1_230' title='bbox 358 3116 490 3183; x_wconf 78' lang='lat' dir='ltr'>intellige,</span> <span class='ocrx_word' id='word_1_231' title='bbox 515 3117 728 3169; x_wconf 82' lang='lat' dir='ltr'>delitescentium</span> <span class='ocrx_word' id='word_1_232' title='bbox 752 3118 882 3168; x_wconf 83' lang='lat' dir='ltr'>Metullus</span> <span class='ocrx_word' id='word_1_233' title='bbox 901 3113 996 3168; x_wconf 87' lang='lat' dir='ltr'>collem</span> <span class='ocrx_word' id='word_1_234' title='bbox 1016 3114 1077 3168; x_wconf 82' lang='lat' dir='ltr'>clun</span> <span class='ocrx_word' id='word_1_235' title='bbox 1101 3113 1175 3183; x_wconf 82' lang='lat' dir='ltr'>sequi</span> <span class='ocrx_word' id='word_1_236' title='bbox 1195 3118 1285 3177; x_wconf 85' lang='lat' dir='ltr'>nollet,</span> <span class='ocrx_word' id='word_1_237' title='bbox 1302 3123 1335 3167; x_wconf 79' lang='lat' dir='ltr'>nd</span> 
     </span>
     <span class='ocr_line' id='line_1_30' title="bbox 144 3183 1336 3252; baseline -0.003 -14"><span class='ocrx_word' id='word_1_238' title='bbox 144 3188 317 3238; x_wconf 83' lang='lat' dir='ltr'>Numidarum</span> <span class='ocrx_word' id='word_1_239' title='bbox 328 3201 385 3236; x_wconf 88' lang='lat' dir='ltr'>eam</span> <span class='ocrx_word' id='word_1_240' title='bbox 399 3183 480 3234; x_wconf 80' lang='lat' dir='ltr'>luisse</span> <span class='ocrx_word' id='word_1_241' title='bbox 493 3187 618 3250; x_wconf 87' lang='lat' dir='ltr'>speciem,</span> <span class='ocrx_word' id='word_1_242' title='bbox 630 3195 660 3234; x_wconf 88' lang='lat' dir='ltr'>ut</span> <span class='ocrx_word' id='word_1_243' title='bbox 672 3201 728 3236; x_wconf 82' lang='lat' dir='ltr'>ues-</span> <span class='ocrx_word' id='word_1_244' title='bbox 750 3189 763 3235; x_wconf 88' lang='lat' dir='ltr'>J</span> <span class='ocrx_word' id='word_1_245' title='bbox 769 3187 886 3252; x_wconf 71' lang='lat' dir='ltr'>ugtrrtltre</span> <span class='ocrx_word' id='word_1_246' title='bbox 899 3185 956 3236; x_wconf 85' lang='lat' dir='ltr'>illle</span> <span class='ocrx_word' id='word_1_247' title='bbox 968 3187 1104 3234; x_wconf 82' lang='lat' dir='ltr'>insidianti</span> <span class='ocrx_word' id='word_1_248' title='bbox 1117 3194 1278 3250; x_wconf 82' lang='lat' dir='ltr'>opportunus</span> <span class='ocrx_word' id='word_1_249' title='bbox 1290 3184 1336 3235; x_wconf 79' lang='lat' dir='ltr'>ne·</span> 
     </span>
     <span class='ocr_line' id='line_1_31' title="bbox 143 3251 1335 3318; baseline -0.003 -13"><span class='ocrx_word' id='word_1_250' title='bbox 143 3259 245 3305; x_wconf 76' lang='lat' dir='ltr'>citetur</span> <span class='ocrx_word' id='word_1_251' title='bbox 259 3256 410 3304; x_wconf 87' lang='lat' dir='ltr'>hominesne</span> <span class='ocrx_word' id='word_1_252' title='bbox 422 3259 523 3313; x_wconf 86' lang='lat' dir='ltr'>essent,</span> <span class='ocrx_word' id='word_1_253' title='bbox 532 3268 563 3301; x_wconf 82' lang='lat' dir='ltr'>sn</span> <span class='ocrx_word' id='word_1_254' title='bbox 574 3253 671 3307; x_wconf 87' lang='lat' dir='ltr'>trunci,</span> <span class='ocrx_word' id='word_1_255' title='bbox 682 3259 728 3302; x_wconf 88' lang='lat' dir='ltr'>aut</span> <span class='ocrx_word' id='word_1_256' title='bbox 745 3251 807 3309; x_wconf 83' lang='lat' dir='ltr'>&#39;ret;</span> <span class='ocrx_word' id='word_1_257' title='bbox 822 3254 904 3302; x_wconf 85' lang='lat' dir='ltr'>aciem</span> <span class='ocrx_word' id='word_1_258' title='bbox 916 3255 941 3302; x_wconf 88' lang='lat' dir='ltr'>in</span> <span class='ocrx_word' id='word_1_259' title='bbox 951 3253 1085 3318; x_wconf 83' lang='lat' dir='ltr'>clypeum,</span> <span class='ocrx_word' id='word_1_260' title='bbox 1094 3269 1139 3302; x_wconf 82' lang='lat' dir='ltr'>seu</span> <span class='ocrx_word' id='word_1_261' title='bbox 1149 3253 1182 3302; x_wconf 84' lang='lat' dir='ltr'>ad</span> <span class='ocrx_word' id='word_1_262' title='bbox 1192 3254 1335 3311; x_wconf 64' lang='lat' dir='ltr'>sinistram,</span> 
     </span>
     <span class='ocr_line' id='line_1_32' title="bbox 143 3317 1336 3386; baseline -0.006 -12"><span class='ocrx_word' id='word_1_263' title='bbox 143 3321 246 3386; x_wconf 89' lang='lat' dir='ltr'>aliquid</span> <span class='ocrx_word' id='word_1_264' title='bbox 257 3322 352 3372; x_wconf 77' lang='lat' dir='ltr'>simile·</span> <span class='ocrx_word' id='word_1_265' title='bbox 753 3328 782 3369; x_wconf 91' lang='lat' dir='ltr'>ut</span> <span class='ocrx_word' id='word_1_266' title='bbox 794 3319 926 3384; x_wconf 87' lang='lat' dir='ltr'>loquimur</span> <span class='ocrx_word' id='word_1_267' title='bbox 937 3335 994 3380; x_wconf 91' lang='lat' dir='ltr'>nos,</span> <span class='ocrx_word' id='word_1_268' title='bbox 1005 3320 1137 3372; x_wconf 80' lang='lat' dir='ltr'>declinare</span> <span class='ocrx_word' id='word_1_269' title='bbox 1153 3317 1246 3386; x_wconf 86' lang='lat' dir='ltr'>jussit,</span> <span class='ocrx_word' id='word_1_270' title='bbox 1257 3317 1336 3368; x_wconf 66' lang='lat' dir='ltr'>arleti«</span> 
     </span>
    </p>

    <p class='ocr_par' dir='ltr' id='par_1_7' title="bbox 143 3383 1335 3582">
     <span class='ocr_line' id='line_1_33' title="bbox 178 3383 1335 3452; baseline -0.003 -17"><span class='ocrx_word' id='word_1_271' title='bbox 178 3387 359 3452; x_wconf 68' lang='lat' dir='ltr'>bDnln.],Ea</span> <span class='ocrx_word' id='word_1_272' title='bbox 371 3387 452 3436; x_wconf 73' lang='lat' dir='ltr'>caiisa</span> <span class='ocrx_word' id='word_1_273' title='bbox 465 3399 532 3450; x_wconf 87' lang='lat' dir='ltr'>poue</span> <span class='ocrx_word' id='word_1_274' title='bbox 551 3383 657 3434; x_wconf 83' lang='lat' dir='ltr'>arbores</span> <span class='ocrx_word' id='word_1_275' title='bbox 668 3385 730 3434; x_wconf 86' lang='lat' dir='ltr'>lati·</span> <span class='ocrx_word' id='word_1_276' title='bbox 752 3401 802 3451; x_wconf 87' lang='lat' dir='ltr'>que</span> <span class='ocrx_word' id='word_1_277' title='bbox 828 3389 854 3434; x_wconf 92' lang='lat' dir='ltr'>in</span> <span class='ocrx_word' id='word_1_278' title='bbox 874 3387 1009 3452; x_wconf 89' lang='lat' dir='ltr'>obliquum</span> <span class='ocrx_word' id='word_1_279' title='bbox 1032 3387 1085 3436; x_wconf 78' lang='lat' dir='ltr'>iter</span> <span class='ocrx_word' id='word_1_280' title='bbox 1110 3385 1222 3436; x_wconf 82' lang='lat' dir='ltr'>inflexit.</span> <span class='ocrx_word' id='word_1_281' title='bbox 1267 3385 1335 3448; x_wconf 72' lang='lat' dir='ltr'>listi</span> 
     </span>
     <span class='ocr_line' id='line_1_34' title="bbox 144 3447 1334 3516; baseline -0.003 -13"><span class='ocrx_word' id='word_1_282' title='bbox 144 3453 246 3513; x_wconf 80' lang='lat' dir='ltr'>tabant,</span> <span class='ocrx_word' id='word_1_283' title='bbox 256 3465 285 3506; x_wconf 89' lang='lat' dir='ltr'>ut</span> <span class='ocrx_word' id='word_1_284' title='bbox 297 3458 419 3506; x_wconf 80' lang='lat' dir='ltr'>incautus</span> <span class='ocrx_word' id='word_1_285' title='bbox 428 3462 456 3504; x_wconf 86' lang='lat' dir='ltr'>et</span> <span class='ocrx_word' id='word_1_286' title='bbox 468 3455 613 3515; x_wconf 83' lang='lat' dir='ltr'>imparatus</span> <span class='ocrx_word' id='word_1_287' title='bbox 622 3452 727 3502; x_wconf 87' lang='lat' dir='ltr'>Metelli</span> <span class='ocrx_word' id='word_1_288' title='bbox 752 3454 863 3502; x_wconf 76' lang='lat' dir='ltr'>muncler</span> <span class='ocrx_word' id='word_1_289' title='bbox 883 3471 926 3504; x_wconf 78' lang='lat' dir='ltr'>eurr</span> <span class='ocrx_word' id='word_1_290' title='bbox 944 3456 1114 3516; x_wconf 70' lang='lat' dir='ltr'>renunt-purrle</span> <span class='ocrx_word' id='word_1_291' title='bbox 1135 3447 1165 3502; x_wconf 81' lang='lat' dir='ltr'>de</span> <span class='ocrx_word' id='word_1_292' title='bbox 1185 3463 1292 3512; x_wconf 78' lang='lat' dir='ltr'>travena,</span> <span class='ocrx_word' id='word_1_293' title='bbox 1314 3451 1334 3501; x_wconf 85' lang='lat' dir='ltr'>s&#39;</span> 
     </span>
     <span class='ocr_line' id='line_1_35' title="bbox 143 3519 1157 3582; baseline -0.008 -8"><span class='ocrx_word' id='word_1_294' title='bbox 143 3521 279 3574; x_wconf 77' lang='lat' dir='ltr'>exercitus</span> <span class='ocrx_word' id='word_1_295' title='bbox 292 3519 352 3572; x_wconf 69' lang='lat' dir='ltr'>tusc</span> <span class='ocrx_word' id='word_1_296' title='bbox 364 3521 496 3570; x_wconf 84' lang='lat' dir='ltr'>transiret.</span> <span class='ocrx_word' id='word_1_297' title='bbox 751 3529 819 3568; x_wconf 78' lang='lat' dir='ltr'>etam</span> <span class='ocrx_word' id='word_1_298' title='bbox 831 3519 950 3570; x_wconf 63' lang='lat' dir='ltr'>detonuit</span> <span class='ocrx_word' id='word_1_299' title='bbox 962 3537 1005 3568; x_wconf 84' lang='lat' dir='ltr'>sur</span> <span class='ocrx_word' id='word_1_300' title='bbox 1017 3523 1042 3568; x_wconf 88' lang='lat' dir='ltr'>In</span> <span class='ocrx_word' id='word_1_301' title='bbox 1051 3519 1157 3582; x_wconf 57' lang='lat' dir='ltr'>,pattena</span> 
     </span>
    </p>

    <p class='ocr_par' dir='ltr' id='par_1_8' title="bbox 143 3585 1334 3854">
     <span class='ocr_line' id='line_1_36' title="bbox 179 3585 1334 3652; baseline 0.001 -15"><span class='ocrx_word' id='word_1_302' title='bbox 179 3605 194 3637; x_wconf 92' lang='lat' dir='ltr'>c</span> <span class='ocrx_word' id='word_1_303' title='bbox 214 3587 364 3650; x_wconf 72' lang='lat' dir='ltr'>obseruari]</span> <span class='ocrx_word' id='word_1_304' title='bbox 388 3589 477 3637; x_wconf 81' lang='lat' dir='ltr'>Graeca</span> <span class='ocrx_word' id='word_1_305' title='bbox 494 3585 727 3649; x_wconf 61' lang='lat' dir='ltr'>constantiniam</span> <span class='ocrx_word' id='word_1_306' title='bbox 785 3585 801 3634; x_wconf 93' lang='lat' dir='ltr'>h</span> <span class='ocrx_word' id='word_1_307' title='bbox 816 3585 1019 3648; x_wconf 73' lang='lat' dir='ltr'>beatitudinem]</span> <span class='ocrx_word' id='word_1_308' title='bbox 1034 3587 1064 3636; x_wconf 85' lang='lat' dir='ltr'>ld</span> <span class='ocrx_word' id='word_1_309' title='bbox 1075 3594 1126 3644; x_wconf 87' lang='lat' dir='ltr'>est,</span> <span class='ocrx_word' id='word_1_310' title='bbox 1135 3587 1220 3636; x_wconf 83' lang='lat' dir='ltr'>milites</span> <span class='ocrx_word' id='word_1_311' title='bbox 1228 3593 1276 3652; x_wconf 73' lang='lat' dir='ltr'>[rer</span> <span class='ocrx_word' id='word_1_312' title='bbox 1287 3589 1334 3638; x_wconf 80' lang='lat' dir='ltr'>las·</span> 
     </span>
     <span class='ocr_line' id='line_1_37' title="bbox 148 3656 992 3718; baseline -0.005 -14"><span class='ocrx_word' id='word_1_313' title='bbox 148 3657 293 3705; x_wconf 81' lang='lat' dir='ltr'>Obscuretis</span> <span class='ocrx_word' id='word_1_314' title='bbox 302 3659 369 3718; x_wconf 78' lang='lat' dir='ltr'>signi</span> <span class='ocrx_word' id='word_1_315' title='bbox 377 3657 531 3712; x_wconf 75' lang='lat' dir='ltr'>militaribus,</span> <span class='ocrx_word' id='word_1_316' title='bbox 540 3660 586 3702; x_wconf 86' lang='lat' dir='ltr'>aut</span> <span class='ocrx_word' id='word_1_317' title='bbox 598 3657 729 3702; x_wconf 77' lang='lat' dir='ltr'>obscurum</span> <span class='ocrx_word' id='word_1_318' title='bbox 751 3656 880 3702; x_wconf 72' lang='lat' dir='ltr'>titudinem</span> <span class='ocrx_word' id='word_1_319' title='bbox 889 3665 912 3704; x_wconf 83' lang='lat' dir='ltr'>et</span> <span class='ocrx_word' id='word_1_320' title='bbox 920 3659 992 3703; x_wconf 81' lang='lat' dir='ltr'>sitim.</span> 
     </span>
     <span class='ocr_line' id='line_1_38' title="bbox 143 3713 1234 3791; baseline -0.001 -20"><span class='ocrx_word' id='word_1_321' title='bbox 143 3728 219 3786; x_wconf 75' lang='lat' dir='ltr'>signu</span> <span class='ocrx_word' id='word_1_322' title='bbox 235 3726 368 3791; x_wconf 57' lang='lat' dir='ltr'>habentes„</span> <span class='ocrx_word' id='word_1_323' title='bbox 389 3724 432 3774; x_wconf 79' lang='lat' dir='ltr'>Sin</span> <span class='ocrx_word' id='word_1_324' title='bbox 450 3718 591 3786; x_wconf 70' lang='lat' dir='ltr'>sepissime</span> <span class='ocrx_word' id='word_1_325' title='bbox 609 3721 728 3786; x_wconf 85' lang='lat' dir='ltr'>loquitur</span> <span class='ocrx_word' id='word_1_326' title='bbox 784 3721 792 3769; x_wconf 91' lang='lat' dir='ltr'>i</span> <span class='ocrx_word' id='word_1_327' title='bbox 809 3721 907 3782; x_wconf 65' lang='lat' dir='ltr'>sicuti]</span> <span class='ocrx_word' id='word_1_328' title='bbox 920 3721 1043 3770; x_wconf 81' lang='lat' dir='ltr'>Refertur</span> <span class='ocrx_word' id='word_1_329' title='bbox 1052 3713 1085 3768; x_wconf 86' lang='lat' dir='ltr'>ad</span> <span class='ocrx_word' id='word_1_330' title='bbox 1099 3721 1234 3770; x_wconf 80' lang='lat' dir='ltr'>Paulatim.</span> 
     </span>
     <span class='ocr_line' id='line_1_39' title="bbox 143 3786 1332 3854; baseline 0 -16"><span class='ocrx_word' id='word_1_331' title='bbox 143 3790 279 3840; x_wconf 87' lang='lat' dir='ltr'>Horatius.</span> <span class='ocrx_word' id='word_1_332' title='bbox 784 3787 803 3842; x_wconf 84' lang='lat' dir='ltr'><strong>k</strong></span> <span class='ocrx_word' id='word_1_333' title='bbox 823 3787 975 3852; x_wconf 65' lang='lat' dir='ltr'>Prirzcipiu]</span> <span class='ocrx_word' id='word_1_334' title='bbox 995 3786 1069 3836; x_wconf 82' lang='lat' dir='ltr'>Dens</span> <span class='ocrx_word' id='word_1_335' title='bbox 1092 3791 1110 3836; x_wconf 74' lang='grc' dir='ltr'>ι’</span> <span class='ocrx_word' id='word_1_336' title='bbox 1128 3790 1332 3854; x_wconf 67' lang='lat' dir='ltr'>‚detine-garde.</span> 
     </span>
    </p>

    <p class='ocr_par' dir='ltr' id='par_1_9' title="bbox 177 3850 1014 3920">
     <span class='ocr_line' id='line_1_40' title="bbox 177 3850 1014 3920; baseline -0.007 -12"><span class='ocrx_word' id='word_1_337' title='bbox 177 3857 197 3908; x_wconf 81' lang='lat' dir='ltr'>tl</span> <span class='ocrx_word' id='word_1_338' title='bbox 222 3855 398 3917; x_wconf 68' lang='lat' dir='ltr'>Communes]</span> <span class='ocrx_word' id='word_1_339' title='bbox 436 3855 502 3904; x_wconf 84' lang='lat' dir='ltr'>Gall.</span> <span class='ocrx_word' id='word_1_340' title='bbox 525 3856 610 3918; x_wconf 69' lang='lat' dir='ltr'>Aperit</span> <span class='ocrx_word' id='word_1_341' title='bbox 632 3850 730 3917; x_wconf 72' lang='lat' dir='ltr'>cinrzge</span> <span class='ocrx_word' id='word_1_342' title='bbox 752 3857 780 3904; x_wconf 89' lang='lat' dir='ltr'>ln</span> <span class='ocrx_word' id='word_1_343' title='bbox 794 3855 888 3904; x_wconf 87' lang='lat' dir='ltr'>ultimo</span> <span class='ocrx_word' id='word_1_344' title='bbox 902 3856 1014 3920; x_wconf 82' lang='lat' dir='ltr'>agmine.</span> 
     </span>
    </p>

    <p class='ocr_par' dir='ltr' id='par_1_10' title="bbox 145 3920 1333 3988">
     <span class='ocr_line' id='line_1_41' title="bbox 145 3920 1333 3988; baseline 0 -17"><span class='ocrx_word' id='word_1_345' title='bbox 145 3923 316 3975; x_wconf 74' lang='lat' dir='ltr'>Pordonnunce</span> <span class='ocrx_word' id='word_1_346' title='bbox 326 3925 383 3973; x_wconf 64' lang='grc' dir='ltr'><em>τῖε-Ρ</em></span> <span class='ocrx_word' id='word_1_347' title='bbox 393 3923 441 3972; x_wconf 83' lang='lat' dir='ltr'>nile</span> <span class='ocrx_word' id='word_1_348' title='bbox 455 3927 538 3972; x_wconf 80' lang='lat' dir='ltr'>ilror‘te.</span> <span class='ocrx_word' id='word_1_349' title='bbox 728 3921 732 3928; x_wconf 87' lang='grc'><strong>’</strong></span> <span class='ocrx_word' id='word_1_350' title='bbox 783 3920 793 3970; x_wconf 92' lang='lat' dir='ltr'>l</span> <span class='ocrx_word' id='word_1_351' title='bbox 807 3923 956 3988; x_wconf 79' lang='lat' dir='ltr'>Principes]</span> <span class='ocrx_word' id='word_1_352' title='bbox 967 3922 996 3970; x_wconf 92' lang='lat' dir='ltr'>ld</span> <span class='ocrx_word' id='word_1_353' title='bbox 1009 3929 1058 3978; x_wconf 86' lang='lat' dir='ltr'>est,</span> <span class='ocrx_word' id='word_1_354' title='bbox 1066 3926 1148 3986; x_wconf 80' lang='lat' dir='ltr'>primi,</span> <span class='ocrx_word' id='word_1_355' title='bbox 1162 3923 1212 3972; x_wconf 87' lang='lat' dir='ltr'>ltoc</span> <span class='ocrx_word' id='word_1_356' title='bbox 1226 3923 1251 3970; x_wconf 89' lang='lat' dir='ltr'>in</span> <span class='ocrx_word' id='word_1_357' title='bbox 1265 3921 1333 3971; x_wconf 81' lang='lat' dir='ltr'>loen.</span> 
     </span>
    </p>

    <p class='ocr_par' dir='ltr' id='par_1_11' title="bbox 145 3987 1333 4186">
     <span class='ocr_line' id='line_1_42' title="bbox 178 3987 1333 4053; baseline -0.004 -13"><span class='ocrx_word' id='word_1_358' title='bbox 178 4007 193 4040; x_wconf 88' lang='lat' dir='ltr'>e</span> <span class='ocrx_word' id='word_1_359' title='bbox 215 3991 355 4052; x_wconf 67' lang='lat' dir='ltr'>Subsidiis]</span> <span class='ocrx_word' id='word_1_360' title='bbox 378 3989 480 4040; x_wconf 83' lang='lat' dir='ltr'>Milites</span> <span class='ocrx_word' id='word_1_361' title='bbox 498 3995 574 4040; x_wconf 87' lang='lat' dir='ltr'>erant</span> <span class='ocrx_word' id='word_1_362' title='bbox 591 3988 638 4053; x_wconf 91' lang='lat' dir='ltr'>qui</span> <span class='ocrx_word' id='word_1_363' title='bbox 660 3999 726 4052; x_wconf 87' lang='lat' dir='ltr'>ponc</span> <span class='ocrx_word' id='word_1_364' title='bbox 783 4003 808 4037; x_wconf 91' lang='lat' dir='ltr'>m</span> <span class='ocrx_word' id='word_1_365' title='bbox 822 3987 945 4052; x_wconf 74' lang='lat' dir='ltr'>Prienen]</span> <span class='ocrx_word' id='word_1_366' title='bbox 960 3991 1017 4036; x_wconf 86' lang='lat' dir='ltr'>Non</span> <span class='ocrx_word' id='word_1_367' title='bbox 1031 3990 1222 4038; x_wconf 79' lang='lat' dir='ltr'>remotissimos</span> <span class='ocrx_word' id='word_1_368' title='bbox 1235 3988 1333 4036; x_wconf 67' lang='lat' dir='ltr'>iutellia</span> 
     </span>
     <span class='ocr_line' id='line_1_43' title="bbox 146 4053 1332 4120; baseline -0.001 -15"><span class='ocrx_word' id='word_1_369' title='bbox 146 4055 211 4106; x_wconf 86' lang='lat' dir='ltr'>ulios</span> <span class='ocrx_word' id='word_1_370' title='bbox 234 4059 413 4116; x_wconf 85' lang='lat' dir='ltr'>subsidentes,</span> <span class='ocrx_word' id='word_1_371' title='bbox 435 4056 488 4106; x_wconf 91' lang='lat' dir='ltr'>illis</span> <span class='ocrx_word' id='word_1_372' title='bbox 512 4053 726 4120; x_wconf 85' lang='lat' dir='ltr'>periclitantibus</span> <span class='ocrx_word' id='word_1_373' title='bbox 751 4071 793 4120; x_wconf 82' lang='lat' dir='ltr'>go,</span> <span class='ocrx_word' id='word_1_374' title='bbox 806 4058 854 4106; x_wconf 90' lang='lat' dir='ltr'>sed</span> <span class='ocrx_word' id='word_1_375' title='bbox 865 4071 1006 4120; x_wconf 76' lang='lat' dir='ltr'>proximos,</span> <span class='ocrx_word' id='word_1_376' title='bbox 1019 4055 1068 4106; x_wconf 87' lang='lat' dir='ltr'>hoe</span> <span class='ocrx_word' id='word_1_377' title='bbox 1080 4064 1130 4114; x_wconf 86' lang='lat' dir='ltr'>est,</span> <span class='ocrx_word' id='word_1_378' title='bbox 1140 4067 1185 4105; x_wconf 88' lang='lat' dir='ltr'>eos</span> <span class='ocrx_word' id='word_1_379' title='bbox 1199 4055 1242 4116; x_wconf 91' lang='lat' dir='ltr'>qui</span> <span class='ocrx_word' id='word_1_380' title='bbox 1254 4055 1332 4117; x_wconf 82' lang='lat' dir='ltr'>primi</span> 
     </span>
     <span class='ocr_line' id='line_1_44' title="bbox 145 4121 1239 4186; baseline 0 -14"><span class='ocrx_word' id='word_1_381' title='bbox 145 4137 223 4186; x_wconf 89' lang='lat' dir='ltr'>opem</span> <span class='ocrx_word' id='word_1_382' title='bbox 234 4125 339 4176; x_wconf 79' lang='lat' dir='ltr'>ferrent.</span> <span class='ocrx_word' id='word_1_383' title='bbox 359 4126 428 4174; x_wconf 85' lang='lat' dir='ltr'>Gall.</span> <span class='ocrx_word' id='word_1_384' title='bbox 442 4121 496 4174; x_wconf 83' lang='lat' dir='ltr'>Des</span> <span class='ocrx_word' id='word_1_385' title='bbox 506 4132 574 4186; x_wconf 80' lang='lat' dir='ltr'>corps</span> <span class='ocrx_word' id='word_1_386' title='bbox 585 4127 613 4171; x_wconf 84' lang='lat' dir='ltr'>de</span> <span class='ocrx_word' id='word_1_387' title='bbox 622 4138 726 4172; x_wconf 68' lang='lat' dir='ltr'>interve.</span> <span class='ocrx_word' id='word_1_388' title='bbox 750 4122 946 4173; x_wconf 82' lang='lat' dir='ltr'>transeuntibus</span> <span class='ocrx_word' id='word_1_389' title='bbox 959 4123 1138 4173; x_wconf 84' lang='lat' dir='ltr'>occurrebant.</span> <span class='ocrx_word' id='word_1_390' title='bbox 1236 4177 1239 4182; x_wconf 59' lang='grc'><em>,</em></span> 
     </span>
    </p>

    <p class='ocr_par' dir='ltr' id='par_1_12' title="bbox 179 4181 1334 4256">
     <span class='ocr_line' id='line_1_45' title="bbox 179 4181 1334 4256; baseline 0 -16"><span class='ocrx_word' id='word_1_391' title='bbox 179 4189 337 4256; x_wconf 72' lang='lat' dir='ltr'>silentibus]</span> <span class='ocrx_word' id='word_1_392' title='bbox 349 4193 398 4242; x_wconf 82' lang='lat' dir='ltr'>Sur</span> <span class='ocrx_word' id='word_1_393' title='bbox 408 4193 508 4242; x_wconf 81' lang='lat' dir='ltr'>lesur&#39;les</span> <span class='ocrx_word' id='word_1_394' title='bbox 518 4193 548 4240; x_wconf 86' lang='lat' dir='ltr'>de</span> <span class='ocrx_word' id='word_1_395' title='bbox 558 4192 573 4238; x_wconf 77' lang='lat'>2¹</span> <span class='ocrx_word' id='word_1_396' title='bbox 582 4191 727 4256; x_wconf 68' lang='lat' dir='ltr'>Jnsunterie.</span> <span class='ocrx_word' id='word_1_397' title='bbox 783 4207 799 4238; x_wconf 89' lang='lat' dir='ltr'>n</span> <span class='ocrx_word' id='word_1_398' title='bbox 815 4189 941 4254; x_wconf 70' lang='lat' dir='ltr'>Tentare]</span> <span class='ocrx_word' id='word_1_399' title='bbox 962 4191 1004 4243; x_wconf 86' lang='lat' dir='ltr'>llll</span> <span class='ocrx_word' id='word_1_400' title='bbox 1018 4191 1120 4242; x_wconf 78' lang='lat' dir='ltr'>eminus</span> <span class='ocrx_word' id='word_1_401' title='bbox 1136 4181 1282 4241; x_wconf 72' lang='lat' dir='ltr'>missilibus</span> <span class='ocrx_word' id='word_1_402' title='bbox 1296 4185 1334 4240; x_wconf 76' lang='lat' dir='ltr'>la÷</span> 
     </span>
    </p>

    <p class='ocr_par' dir='ltr' id='par_1_13' title="bbox 144 4257 990 4398">
     <span class='ocr_line' id='line_1_46' title="bbox 178 4257 896 4324; baseline -0.001 -19"><span class='ocrx_word' id='word_1_403' title='bbox 178 4273 198 4324; x_wconf 84' lang='lat' dir='ltr'>g</span> <span class='ocrx_word' id='word_1_404' title='bbox 209 4257 518 4322; x_wconf 74' lang='lat' dir='ltr'>Transueieie.]l)ifiidens</span> <span class='ocrx_word' id='word_1_405' title='bbox 526 4273 572 4322; x_wconf 84' lang='lat' dir='ltr'>per</span> <span class='ocrx_word' id='word_1_406' title='bbox 582 4257 636 4316; x_wconf 81' lang='lat' dir='ltr'>hac</span> <span class='ocrx_word' id='word_1_407' title='bbox 646 4267 727 4304; x_wconf 85' lang='lat' dir='ltr'>trans·</span> <span class='ocrx_word' id='word_1_408' title='bbox 749 4257 896 4311; x_wconf 79' lang='lat' dir='ltr'>ccssebant.</span> 
     </span>
     <span class='ocr_line' id='line_1_47' title="bbox 144 4323 990 4398; baseline -0.008 -20"><span class='ocrx_word' id='word_1_409' title='bbox 144 4337 221 4378; x_wconf 79' lang='lat' dir='ltr'>tersa</span> <span class='ocrx_word' id='word_1_410' title='bbox 241 4325 348 4378; x_wconf 85' lang='lat' dir='ltr'>incedo:</span> <span class='ocrx_word' id='word_1_411' title='bbox 367 4327 470 4380; x_wconf 82' lang='lat' dir='ltr'>iuterim</span> <span class='ocrx_word' id='word_1_412' title='bbox 489 4327 527 4378; x_wconf 82' lang='lat' dir='ltr'>ita</span> <span class='ocrx_word' id='word_1_413' title='bbox 545 4341 586 4380; x_wconf 86' lang='lat' dir='ltr'>mc</span> <span class='ocrx_word' id='word_1_414' title='bbox 605 4323 727 4390; x_wconf 73' lang='lat' dir='ltr'>expedio,</span> <span class='ocrx_word' id='word_1_415' title='bbox 986 4392 990 4398; x_wconf 28' lang='grc'>1</span> 
     </span>
    </p>

    <p class='ocr_par' dir='ltr' id='par_1_14' title="bbox 526 4407 1001 4461">
     <span class='ocr_line' id='line_1_48' title="bbox 526 4407 1001 4461; baseline -0.002 1"><span class='ocrx_word' id='word_1_416' title='bbox 526 4411 535 4430; x_wconf 76' lang='lat'><em>⁶</em></span> <span class='ocrx_word' id='word_1_417' title='bbox 970 4407 1001 4461; x_wconf 62' lang='lat' dir='ltr'>Q</span> 
     </span>
    </p>
   </div>
   <div class='ocr_carea' id='block_1_7' title="bbox 464 4561 478 4594">
    <p class='ocr_par' dir='ltr' id='par_1_15' title="bbox 464 4561 478 4594">
     <span class='ocr_line' id='line_1_49' title="bbox 464 4561 478 4594; baseline 0 0"><span class='ocrx_word' id='word_1_418' title='bbox 464 4561 478 4594; x_wconf 68' lang='grc'><strong>6</strong></span> 
     </span>
    </p>
   </div>
   <div class='ocr_carea' id='block_1_8' title="bbox 0 0 1523 5060">
    <p class='ocr_par' dir='ltr' id='par_1_16' title="bbox 0 0 1523 5060">
     <span class='ocr_line' id='line_1_50' title="bbox 0 0 1523 5060; baseline 0 0"><span class='ocrx_word' id='word_1_419' title='bbox 0 0 1523 5060; x_wconf 95' lang='lat' dir='ltr'> </span> 
     </span>
    </p>
   </div>
  </div>
 </body>
</html>
