3070 5034
424 317 628 382 BELLUM
653 315 1036 382 CATILINARIUM.
1277 321 1320 380 ot

130 512 198 567 ros,
216 505 271 554 aut
293 489 421 568 lanceas,
441 480 678 574 alii²praecutas,
700 491 828 568 ²sudes,
847 491 1020 574 portabant.
1066 487 1130 550 Sed
1152 503 1318 572 postquam

133 577 295 639 Antonius
311 598 382 638 cum
400 577 540 638 exercitu
557 577 752 648 adventabat,
770 577 905 640 Catilina
920 598 975 659 per
991 591 1113 637 montes
1129 575 1188 638 iter
1199 574 1319 648 sacere;

130 662 233 726 modd
249 664 287 724 ad
302 663 422 738 urbem,
439 661 535 724 modd
553 664 583 723 in
600 659 737 724 Galliam
755 661 887 724 bversus
903 680 1003 724 castra
1015 681 1163 733 moveret
1180 661 1320 723 hostibus

131 749 328 810 occasionem
346 749 505 832 pugnandi
521 769 582 810 non
600 750 686 810 dare.
709 749 858 831 Sperabat
874 747 1056 831 propediem
1071 767 1200 828 magnas
1214 747 1320 826 copias

130 854 167 894 se
183 833 375 910 habiturum,
390 835 418 895 si
435 832 544 894 Romae
562 835 638 896 socii
656 833 778 916 incepta
793 834 1009 918 patravissent.
1055 832 1179 894 Interea
1193 829 1322 893 seruitia

128 919 327 1002 repudiabat,
342 932 355 959 ⁰
365 918 456 1000 eujus
472 918 560 980 initio
576 921 616 981 ad
631 941 704 981 eum
719 941 837 1002 magnae
851 920 947 1003 copiae
963 919 1198 994 concurrebant,
1210 917 1321 1000 opibus

128 1005 358 1088 conjurationis
374 1003 493 1078 fretus3
516 1006 612 1067 simul
625 1003 786 1068 dalienum
808 1007 873 1070 suis
894 1005 1065 1068 rationibus
1085 1005 1197 1081 videri,
1213 1002 1322 1064 existi·

129 1110 220 1152 mans
238 1110 366 1152 causam
383 1089 499 1152 civium
511 1111 584 1153 cum
601 1093 700 1154 servis
714 1091 856 1174 fugitivis
871 1090 1128 1156 eommunicisse.
1152 1089 1227 1165 Sed,
1237 1104 1322 1171 post·

128 1195 227 1256 quam
245 1176 278 1236 in
292 1189 392 1237 castra
407 1175 538 1238 nuncius
554 1177 707 1258 pervenit,
723 1175 832 1238 Rornae
848 1177 1096 1258 conjurationem
1109 1174 1298 1258 patefactam
1313 1198 1320 1246 ς

128 1257 172 1322 de
197 1259 347 1334 Lentulo,
361 1276 393 1324 et
416 1261 570 1340 Cethego,
586 1261 767 1342 caeterisque
788 1282 866 1342 quos
889 1258 981 1340 supri
1004 1260 1187 1330 memoravi,
1207 1260 1323 1347 suppli·

127 1347 219 1408 cium
234 1359 393 1427 sumptum
406 1371 414 1418 ;
431 1346 582 1428 plerique,
595 1367 673 1430 quos
690 1347 730 1408 ad
741 1345 857 1408 bellum
874 1367 945 1428 spes
960 1346 1152 1428 rapinarum,
1164 1358 1217 1407 aut
1229 1365 1324 1410 novas

127 1451 206 1493 rum
219 1452 325 1492 rerum
337 1434 478 1496 studium
491 1432 645 1508 illexerat,
656 1431 854 1494 dilabuntur:
872 1432 1010 1514 reliquos
1024 1429 1159 1492 Catilina
1171 1449 1227 1512 per
1237 1449 1326 1490 mon·

127 1531 181 1578 tes
196 1537 333 1598 asperos,
349 1517 470 1600 magnis
488 1517 662 1594 itineribus,
678 1518 709 1578 iu
731 1537 843 1600 agrurn
865 1516 1115 1582 ‘Pistoriensem
1132 1513 1270 1586 abducit,
1287 1533 1327 1582 eo

129 1601 274 1677 oonsilio,
291 1602 336 1664 uti
351 1624 407 1687 per
417 1604 557 1677 tramites
572 1598 694 1666 occulte
709 1603 891 1686 profugeret
907 1605 938 1664 in
954 1603 1103 1666 Galliam.
1128 1601 1176 1666 At
1193 1599 1236 1675 Q.
1254 1599 1326 1662 Me-

127 1689 225 1750 tellus
241 1685 336 1750 Celer
351 1710 424 1750 cum
441 1690 539 1752 tribus
555 1690 730 1772 legionibus
752 1690 783 1750 in
799 1711 875 1772 agro
894 1689 1010 1764 Piceno
1029 1688 1227 1771 praesidebat.
1273 1685 1328 1748 Ex

127 1771 333 1834 ¹¹difficultate
349 1795 455 1836 rerum
468 1774 579 1836 eadem
589 1775 648 1836 'illa
662 1773 855 1851 existimans,
870 1785 963 1857 ssquae
979 1772 1073 1858 supri
1085 1775 1226 1836 diximus
1239 1773 1326 1835 Cati·

128 1860 230 1921 linam
254 1858 382 1940 agitare.
431 1859 545 1942 Igitur,
568 1859 622 1920 ubi
645 1861 705 1922 iter
728 1860 797 1942 ejus
819 1881 860 1921 ex
880 1859 1022 1942 perfugis
1044 1861 1203 1942 cognovit,
1224 1873 1327 1922 castra

130 1941 269 2026 properti
291 1960 417 2016 movet;
442 1966 478 2006 ac
494 1946 552 2006 sub
569 1945 644 2028 ipsis
667 1943 826 2014 radicibus
848 1947 1005 2011 montium
1028 1944 1182 2018 consedit,
1196 1943 1258 2026 quai
1281 1944 1326 2005 illi

130 2031 304 2092 descensus
319 2045 385 2093 erat
401 2030 433 2104 in
445 2029 580 2092 Galliam
598 2031 786 2114 properanti.
812 2031 928 2113 Neque
940 2047 1045 2094 tamen
1060 2029 1219 2091 Antonius
1232 2027 1327 2112 louge

130 2115 252 2191 aberat,
270 2111 401 2198 ¹²utpote
422 2115 489 2198 qui,
504 2137 619 2198 magno
642 2117 793 2194 exercitu,
808 2119 886 2180 locis
909 2115 1121 2199 ¹aequioribus
1143 2113 1328 2198 iexpeditos

132 2201 166 2262 in
177 2199 287 2282 fugam
300 2218 497 2284 sequeretur.
530 2201 594 2265 sed
610 2202 758 2276 Catilina,
773 2222 940 2295 postquam
955 2203 1047 2281 vidit,
1060 2201 1219 2263 montibus
1234 2215 1328 2282 atque

131 2287 231 2368 copiis
247 2285 386 2362 hostium
403 2310 472 2349 sese
490 2287 642 2362 clausum,
659 2289 691 2350 in
707 2290 783 2350 urbe
803 2310 854 2351 res
870 2289 1030 2364 adversas,
1045 2309 1147 2368 neque
1165 2285 1259 2368 fugae,
1274 2307 1329 2348 ne·

132 2393 195 2453 que
210 2373 372 2462 ²presidii
391 2373 485 2435 ullam
502 2383 611 2456 spem3
628 2376 786 2456 optimum
802 2373 887 2439 factu
901 2389 987 2436 ratus
1003 2374 1035 2435 in
1051 2374 1104 2436 tali
1120 2394 1153 2434 re
1170 2372 1330 2434 fortunam

131 2455 207 2519 belli
218 2454 356 2536 tenlare,
371 2459 480 2534 statuit
493 2478 566 2520 cum
583 2460 727 2534 Antonio
742 2456 836 2542 quim
854 2459 994 2543 primum
1010 2459 1188 2540 confligere.
1216 2457 1329 2540 Itaque

130 2545 283 2606 concione
301 2544 463 2620 advocati,
478 2544 700 2627 hujuscemodi
717 2546 891 2608 orationem
908 2545 1028 2608 habuit.

176 2629 424 2712 “Compertum
436 2651 497 2712 ego
510 2631 620 2707 habeo,
633 2631 760 2706 milites,
768 2632 864 2694 verba
872 2630 947 2693 viris
957 2632 1105 2692 virtutem
1119 2651 1181 2692 non
1193 2628 1329 2708 addere,

132 2717 155 2762 l‘
171 2735 272 2797 neque
285 2735 326 2777 ex
340 2714 482 2800 “ignave
497 2732 674 2796 strenuum,
688 2736 792 2799 neque
808 2715 924 2793 fortean
940 2737 981 2787 ex
994 2714 1125 2780 *timido
1141 2716 1329 2798 exercitum,

575 2890 875 2940 INTERPRETATIO.

178 3042 189 3078 ¹
216 3041 327 3124 Utpote
348 3043 401 3126 qui
423 3055 623 3126 sequerentur
649 3044 723 3104 locis
745 3041 1018 3130 questcgoe,neque
1031 3045 1130 3106 cratete
1142 3043 1235 3106 allam
1249 3053 1331 3128 apem

129 3127 330 3212 planioribus
346 3129 378 3188 in
384 3125 504 3212 sugam
513 3141 684 3212 promptos,
747 3150 914 3202 remanere.

176 3215 189 3294 ἓ
210 3213 379 3311 Postquam
408 3213 544 3288 Catilina
570 3217 652 3278 uidet
671 3237 722 3278 ne·

673 3389 791 3437 NOTAE.

167 3501 183 3534 a
197 3487 295 3551 Sardes]
306 3487 417 3539 Perticae
426 3495 488 3539 sunt
497 3495 721 3553 scutae,praeustae.
745 3487 862 3538 Catilina
874 3488 1072 3542 circumventus
1085 3492 1152 3536 erat.

166 3552 183 3602 b
199 3552 310 3618 Versus]
322 3555 486 3607 Aduerbium
499 3563 549 3605 est.
753 3566 755 3572 ’
778 3570 798 3620 [ς
812 3557 869 3614 Qtrae
881 3555 958 3619 saprd
972 3553 1103 3618 dirimam]
1130 3557 1190 3602 llaec
1202 3553 1291 3612 verba,
1305 3554 1333 3624 ip

166 3620 306 3688 conjice]
330 3625 358 3671 In
372 3632 467 3672 neutro
480 3637 585 3688 genere.
620 3621 721 3672 Eadem
746 3628 860 3680 textum,
885 3636 920 3671 ex
942 3622 1082 3686 marginali
1107 3622 1171 3670 nota
1193 3620 1334 3686 irrepsisse

132 3687 237 3738 ratione
249 3686 351 3746 Gallice
364 3689 488 3754 dicimus.
514 3693 603 3744 Duru,-
618 3690 722 3752 Dequei.
745 3689 876 3738 videntur.
980 3689 982 3696 '

166 3753 336 3818 dstliennn]
361 3757 503 3815 Nimirum,
524 3756 597 3806 istud
615 3771 661 3804 eos
679 3756 722 3806 de·
777 3755 901 3822 hUtpote
921 3753 987 3818 qai]
1011 3756 1070 3803 Non
1089 3752 1201 3805 refertur
1217 3756 1250 3806 ad
1269 3757 1335 3807 inte·

133 3824 283 3884 terruissct,
296 3824 341 3888 qui
356 3825 444 3872 Romae
455 3820 586 3874 occultius
603 3821 722 3888 conjura·
745 3837 819 3888 gram
829 3825 999 3880 sententiam,
1009 3823 1057 3871 sed
1069 3819 1170 3886 tantum
1181 3823 1333 3872 adverbum

133 3888 211 3938 tionis
224 3897 303 3940 erant
316 3889 460 3954 participes
473 3910 479 3938 ε
499 3891 624 3955 {licerent
641 3889 722 3947 enim,
744 3892 839 3950 uberat,
853 3892 933 3946 Quasi
950 3889 1074 3949 dixisset,
1087 3892 1178 3953 Neque
1190 3902 1270 3940 cumea
1281 3892 1336 3948 ‚dus

139 3957 205 4012 Quid
223 3973 267 4006 aas
292 3960 337 4006 isti
361 3958 492 4006 colluviem*
513 3957 722 4006 immiscebimus?
745 3962 825 4008 tomus
837 3958 910 4022 integr*
923 3959 1018 4015 uberat,
1031 3973 1177 4019 qtcumquam
1196 3961 1284 4007 aberat
1296 3965 1333 4004 ta-

133 4021 234 4072 Deinde
260 4024 349 4074 minus
366 4023 483 4074 Catilina
506 4039 612 4074 causam
632 4021 721 4072 delen·
744 4041 805 4084 men,
826 4034 910 4088 utpute
930 4027 981 4086 qui,
1004 4025 1053 4074 &a
1075 4027 1146 4085 ,Non
1169 4025 1259 4088 piacet
1278 4023 1333 4072 haec

135 4085 199 4137 dere
216 4091 380 4151 potuissent;
399 4105 448 4140 nec
467 4089 541 4141 locus
560 4090 631 4141 ullus
642 4105 721 4140 excu-
744 4091 878 4142 scribendi
890 4093 968 4140 ratio.

134 4153 231 4204 sationi
240 4155 350 4206 relictus
359 4156 465 4208 fuisset.
776 4156 961 4224 impeditas]
981 4159 1030 4216 Qui
1049 4173 1136 4224 neque
1155 4153 1273 4215 sarcinis,
1290 4169 1335 4206 nc·

167 4235 183 4270 e
196 4222 391 4286 Pistoriensem]
418 4228 446 4274 ln
459 4225 572 4276 Etruriae
584 4233 660 4290 parte
672 4225 721 4277 Oe·
743 4241 795 4290 que
808 4232 941 4276 armatura
953 4242 1048 4290 graves
1059 4223 1147 4276 onusti
1159 4227 1244 4272 erant.

133 4285 266 4347 cidentali,
279 4291 313 4338 ad
328 4291 475 4356 Appennini
491 4293 589 4342 montis
607 4292 718 4343 radices.
775 4293 795 4341 k
807 4291 931 4356 Ignara]
944 4293 1021 4350 Quod
1032 4293 1067 4342 ad
1078 4304 1184 4354 carpum

165 4354 180 4406 f
189 4355 458 4424 mecetranorum]
477 4359 589 4426 Quibus,
603 4359 718 4422 scilicet,
774 4357 920 4428 minida]
946 4357 1197 4429 Quodatltttimum.
1211 4354 1332 4419 referiat-
