3070 5034
309 869 315 876 .
404 799 682 880 VETERUM
708 802 1080 895 sutur'ronutu,

216 1001 263 1052 ar
281 1003 558 1054 uounutnonun
575 1005 836 1056 nncnnmonun
855 1007 901 1054 nc
919 999 1112 1054 snmusrro
1129 999 1267 1054 sunrcrs

272 1091 274 1098 ’
589 1117 637 1166 nr
657 1116 888 1166 rnsnuorrr.
1301 1103 1306 1116 ·

515 1263 768 1330 AUGUSTUS
790 1264 970 1330 cAEsalt.

555 1440 695 1504 Suetonius.
707 1441 733 1488 in
744 1442 798 1490 circi
810 1440 928 1503 magnati.

210 1505 331 1572 TUQUE
342 1503 447 1556 dubitas
458 1504 597 1556 Cimberne
609 1505 721 1566 Atinius,
733 1519 764 1554 an
779 1509 890 1556 Verrius
901 1506 1014 1557 Flaccus
1026 1503 1145 1556 imitandi
1157 1501 1213 1554 sint
1222 1501 1271 1553 tibl
1282 1507 1290 1552 l
1302 1504 1342 1554 ua

134 1579 172 1624 ut
183 1573 282 1634 verbis,
293 1587 352 1640 que
364 1574 482 1638 Crispus*
491 1572 635 1631 Sallustius
650 1573 786 1638 excerpsit
800 1589 835 1624 ex
847 1573 955 1624 Catonia
967 1572 1132 1638 Originibus,
1144 1571 1237 1631 utaris,
1248 1585 1280 1622 an
1297 1583 1344 1634 po·

133 1637 196 1691 tius
210 1641 388 1692 Asiaticorum
406 1641 551 1692 orationem
564 1638 685 1692 inanibus
702 1640 853 1704 sententiis,
864 1643 1006 1692 verborum
1018 1637 1172 1708 volubilitas
1186 1639 1214 1688 in
1224 1647 1343 1690 nostram

134 1722 289 1765 sermonem
299 1704 497 1759 transferenda?

522 1841 625 1894 Velleius
635 1842 797 1906 Paterentur,
809 1843 874 1895 mer.
887 1843 926 1894 lib.
939 1847 964 1895 2.

173 1907 297 1960 AEmulus
307 1905 476 1976 Thucydidis
487 1907 637 1960 Sallustius.

172 1975 247 2029 Pani
261 1977 345 2026 stulta
356 1985 399 2026 est
409 1976 591 2026 inhaerentium
603 1975 692 2028 oculis
703 1975 868 2042 ingeniorum
881 1977 1060 2041 enumeratio:
1072 1975 1213 2042 interque
1224 1969 1344 2024 maximi

135 2044 225 2094 nostri
238 2044 286 2094 aeri
295 2043 557 2108 eminentprinceps
569 2043 715 2095 carminum
728 2043 871 2110 Virgilius,
881 2042 1069 2109 Rabirium.
1078 2049 1108 2094 et
1119 2047 1278 2093 consecutus
1289 2037 1345 2089 Sal·

136 2109 251 2162 lustium
264 2109 365 2172 Livius,
375 2109 555 2176 Tibullusque
567 2115 596 2162 et
606 2113 687 2172 Naso,
699 2109 890 2190 perfectissimi
902 2111 929 2161 in
940 2108 1028 2162 torma
1039 2109 1144 2176 operiar
1158 2123 1219 2158 nam
1227 2108 1344 2158 sironns

139 2185 171 2228 nt
183 2193 280 2246 magna
291 2177 441 2239 admiratio,
451 2177 490 2229 ita
500 2191 613 2230 censure
624 2175 743 2230 difficilis
752 2184 804 2230 est

545 2315 673 2374 Horatius,
685 2327 755 2364 serm.
768 2315 808 2366 lib.
822 2315 844 2364 1,
857 2322 903 2362 sut.
915 2313 939 2364 2.

382 2397 567 2447 libertinarum
576 2397 646 2446 dico:
662 2399 833 2448 Sallustium
845 2415 907 2461 quus

362 2527 365 2534 ⁴
383 2463 446 2512 Non
453 2461 532 2514 minis
545 2467 646 2527 incurrit,
656 2463 731 2526 qadm
742 2468 785 2528 qui
796 2467 927 2544 maeclntar
928 2497 991 2516 ........

601 2597 723 2650 namtas
735 2599 875 2650 Pedianus.

174 2667 274 2718 Fertur
293 2663 434 2714 Sallustius
447 2670 521 2714 tanto
537 2663 631 2716 ardore
645 2665 799 2716 insanivisse
812 2666 838 2716 in
851 2663 998 2726 libertinas,
1008 2667 1110 2730 quanto
1121 2660 1239 2712 moechus
1253 2659 1280 2710 in
1294 2671 1347 2722 ms,-

140 2740 247 2784 tronas:
260 2731 331 2795 quod
342 2729 406 2784 cum
415 2730 454 2781 illi
466 2731 492 2781 in
502 2739 594 2782 senatu
603 2729 620 2782 i
629 2732 784 2784 censoribus
795 2732 930 2799 objectum
941 2739 1023 2794 esset,
1033 2728 1185 2796 respondet,
1195 2745 1223 2780 se
1233 2745 1283 2778 non
1292 2742 1346 2776 ma-

141 2805 451 2920 tiiifiiirgmmm
462 2813 536 2850 esse:
550 2813 632 2864 quare
642 2813 677 2850 ex
690 2805 785 2852 senatu
796 2797 899 2867 ejectus
912 2810 963 2856 est,
978 2797 1051 2870 quod
1065 2797 1122 2865 ipse
1132 2807 1252 2860 excusat,
1261 2796 1288 2846 in
1298 2796 1346 2846 Ca·

142 2873 163 2917 h
175 2883 236 2984 ilar
249 2904 320 2986 cerci
332 2937 453 2999 interpres
462 2933 570 2984 Horatii.

396 3061 400 3068 ’
455 3107 456 3114 ,
507 3109 511 3114 .
557 3067 764 3120 Senccclilsetor.
779 3069 936 3120 Desilit&

175 3134 318 3186 Orationes
329 3133 450 3188 Sallustii
463 3133 489 3184 in
501 3135 626 3187 bonorem
639 3135 811 3187 historiarum
823 3137 957 3203 legantur.

514 3269 616 3322 *Seneca
628 3271 800 3338 Philosophus,
811 3271 895 3334 Epist.
908 3270 964 3323 tlt

177 3335 307 3388 Sallustio
318 3334 435 3402 rigente,
445 3342 584 3404 amputata
595 3337 741 3398 sententia,
751 3349 778 3388 et
786 3339 867 3388 verba
880 3346 939 3388 ante
952 3341 1123 3404 expectatum
1131 3335 1255 3388 cadentis
1265 3340 1294 3386 et
1303 3333 1348 3384 ob·

148 3418 229 3454 scura
237 3403 353 3454 brevitas
362 3402 437 3454 fuere
449 3418 497 3468 pro
510 3403 593 3452 cultu.
615 3405 759 3454 Arruntius
773 3405 813 3454 vir
825 3419 888 3456 raras
900 3401 1073 3472 frugalitatis,
1085 3404 1133 3472 qui
1142 3403 1270 3456 historias
1281 3400 1349 3454 belli

145 3471 240 3522 Punici
250 3471 368 3536 scrineis,
381 3469 433 3520 luit
444 3471 629 3530 Sallustianus,
637 3478 666 3522 et
674 3469 701 3522 in
711 3469 781 3522 illud
788 3473 981 3540 genus'nitens.

168 3657 244 3730 'Qua
256 3651 328 3740 apud
340 3671 497 3724 Sallustium
510 3687 570 3723 rara
580 3603 944 3738 ruerunff'iiiieiirunuim
957 3674 1134 3734 crebrarum,
1146 3669 1253 3740 etpeni
1267 3670 1350 3726 conti-

146 3753 213 3791 nua:
225 3755 276 3792 nec
287 3741 344 3799 sine
357 3739 449 3800 cauam
463 3739 508 3792 ille
517 3741 589 3792 enim
600 3741 628 3792 in
640 3741 695 3792 haec
707 3740 851 3804 incidebat,
863 3747 892 3792 st
900 3743 946 3794 hic
957 3743 1004 3794 iila
1015 3740 1164 3809 quaerebam

461 3876 499 3926 Er
508 3875 547 3926 lib.
557 3877 583 3926 9.
597 3876 664 3926 Deci
674 3875 697 3926 l.
709 3886 735 3928 et
749 3877 903 3928 concavare.
911 3879 954 3930 25·
962 3879 1001 3928 lib.
1012 3879 1036 3928 5.

179 3945 246 3995 Cum
261 3943 299 3994 sit
312 3939 442 4005 dracipua
450 3941 477 3994 in
488 3941 648 4008 Thucydide
661 3942 757 4006 virtus,
768 3943 899 4006 brevitas;
912 3945 963 3995 hic
974 3961 1034 3996 eum
1046 3945 1189 3997 Sallustius
1199 3943 1273 4004 vicit,
1283 3951 1312 3994 et
1322 3943 1350 3992 in

148 4011 203 4062 suis
214 4009 300 4061 illium
313 4009 411 4063 castris
424 4008 531 4060 cecidit.
565 4013 633 4060 Nam
647 4011 673 4060 in
686 4011 818 4063 sententia
831 4013 921 4062 Greci
933 4020 987 4062 tam
1001 4011 1083 4073 brevi,
1094 4012 1173 4078 quam
1187 4013 1259 4063 salvo
1271 4025 1351 4062 sensu

147 4077 272 4129 detrahas
282 4091 377 4127 vocem·
384 4075 511 4142 aliquam,
522 4075 657 4128 constabit
669 4093 772 4139 sensus,
783 4078 891 4130 etiamsi
904 4095 955 4129 non
969 4077 1042 4146 aqui
1055 4087 1169 4140 comtus¹
1182 4087 1299 4128 attamen
1313 4081 1351 4127 in-

149 4148 240 4210 teger:
252 4153 280 4196 et
290 4159 323 4194 ex
332 4141 455 4194 Sallustii
466 4145 596 4208 sententis
608 4143 674 4196 nihil
682 4144 756 4196 demi
769 4160 863 4198 sensim
874 4145 1035 4198 detrimento
1046 4153 1142 4212 potest.
1171 4149 1250 4196 Titus
1260 4155 1351 4196 autem

148 4210 240 4266 Livius
252 4219 306 4262 tam
318 4210 425 4280 iniquus
439 4211 564 4284 Sallustio
575 4209 638 4272 fuit,
650 4220 680 4264 ut
691 4212 759 4264 hanc
773 4212 857 4278 ipsam
871 4221 1037 4274 sententiam,
1050 4221 1079 4265 et
1091 4225 1225 4278 tamquam
1242 4215 1352 4264 transla-

149 4283 260 4339 tam‚·et
270 4288 324 4328 tam
345 4293 405 4330 nam
423 4287 586 4344 corruptam,
598 4278 663 4330 dum
679 4281 883 4342 transferi-etun·
892 4281 1023 4348 objiceret
1041 4281 1182 4332 Sallustio:
1200 4282 1352 4338 nircamore

150 4343 316 4410 Thucydidis
326 4293 401 4408 iacit,
410 4353 442 4396 ut
453 4346 527 4397 illum
540 4344 678 4411 praeferam
693 4345 741 4398 sed
750 4347 853 4406 laudat,
862 4361 941 4414 quem
950 4363 1003 4400 non
1014 4349 1110 4408 timet:
1123 4345 1262 4404 stlasilius
1275 4353 1353 4416 putat

150 4424 228 4476 passe
240 4410 258 4464 a
269 4427 297 4466 ss
308 4413 463 4468 Sallustium
474 4413 552 4478 vinci,
562 4415 586 4468 si
599 4412 661 4468 anti
676 4411 693 4468 a
703 4414 864 4482 Thucydide
875 4415 1005 4471 vincatur.
