3070 5034
152 263 207 370 ta
619 295 871 366 saetosus

152 470 219 536 cios
233 463 352 540 consuli
366 466 571 532 declarantur.
617 463 665 527 At
685 465 775 528 illum
790 465 899 547 ingens
914 483 989 526 cura
1006 476 1099 546 atque
1116 463 1222 528 laetitia
1239 463 1334 526 simul

152 556 357 638 occupavere.
403 555 581 617 Laetabatur
602 552 789 634 intelligens,
807 552 1020 633 conjuratione
1042 550 1206 632 patefacti,
1222 549 1332 614 cirita-

151 649 216 706 ten
233 642 377 724 p-ncutis
393 654 530 722 ereptam
553 659 633 699 esse.
678 635 778 698 Porro
801 652 905 697 autem
927 636 1037 697 anxius
1057 650 1124 697 erat
1141 638 1172 698 in
1194 637 1336 701 maximo

151 727 268 789 scelere
288 727 380 786 tantis
401 727 521 787 civibus
543 721 756 805 deprehensis,
772 722 849 804 quid
866 721 948 783 lacto
967 743 1045 802 opus
1067 739 1169 784 esset:
1193 725 1332 804 ¹poenam

151 812 276 874 illorum
294 812 352 872 sibi
366 809 487 885 aoneri,
502 809 718 892 impunitatem
734 809 899 890 perdendae
915 807 1092 885 reipublieae
1105 807 1185 870 lore.
1230 808 1335 889 Igitur

54 946 58 955 .
151 893 354 960 &confirmato
370 899 484 971 animo,
498 899 601 957 vocari
618 897 658 957 ad
674 917 743 960 sese
752 894 845 978 jubet
861 893 1043 969 Lentulum,
1061 893 1249 974 Cethegum,
1262 893 1330 954 Sta-

150 983 267 1056 tilium,
290 981 472 1056 Gabinium,
485 982 623 1062 itemque
640 979 810 1062 Ceparium
824 979 1114 1056 ‘Tarracinensem
1129 980 1228 1061 quiin
1242 978 1334 1061 Apu-

150 1067 227 1130 liam
250 1069 290 1130 ad
314 1067 495 1130 concitanda
517 1068 644 1129 servitia
664 1066 819 1149 proficisci
841 1067 979 1148 parabat.
1025 1064 1141 1126 Caeteri
1160 1066 1224 1126 sine
1246 1066 1334 1126 mord

150 1153 291 1216 veniunt.
336 1151 500 1236 Ceparius,
515 1151 608 1234 pauli)
625 1150 695 1214 antei
711 1154 808 1213 domo
818 1173 974 1229 egressus,
989 1155 1114 1232 cognito
1128 1148 1333 1224 dindic'mex

151 1239 227 1302 urbe
244 1235 435 1322 profugerat.
480 1239 598 1300 Consul
615 1239 798 1312 Lentulum,
813 1237 900 1318 quiul
916 1245 1028 1320 praetor
1043 1251 1120 1311 erat,
1134 1235 1222 1318 ²ipse
1240 1256 1334 1300 multu
1427 1292 1434 1304 ,

149 1337 272 1399 tenens,
290 1324 322 1386 in
346 1339 487 1386 senatum
515 1323 676 1406 perducit:
707 1325 844 1404 reliquos
871 1345 944 1385 cum
969 1323 1150 1385 custodibus
1174 1324 1205 1382 in
1233 1323 1333 1382 aedem

151 1409 465 1474 Concordiae'venire
487 1409 590 1493 jubet.
653 1408 704 1472 Εὸ
729 1425 871 1470 senatum
898 1411 1041 1484 advocat,
1067 1409 1241 1491 magnique
1272 1405 1335 1470 fre·

153 1495 280 1578 quentis
305 1495 374 1577 ejus
399 1496 543 1556 ‘ordinis
567 1495 762 1557 Volturtium
787 1491 874 1555 scum
898 1495 1009 1576 legatis
1031 1493 1218 1556 introducit:
1243 1492 1333 1580 Flac-

148 1602 224 1644 cum
252 1595 415 1663 praetorem
445 1579 596 1644 scrinium
626 1601 698 1642 cum
728 1581 839 1656 literis,
868 1601 945 1661 quas
977 1603 995 1642 a
1023 1581 1133 1662 legatis
1160 1593 1345 1661 acceperat,¹

148 1666 266 1729 ebdom
294 1665 417 1726 adferre
440 1665 542 1748 jubet.
598 1666 777 1729 Volturtius
806 1665 1013 1749 interrogatus
1042 1666 1115 1728 gde
1142 1663 1263 1740 itinere,
1291 1664 1333 1725 de

147 1751 248 1816 literis
274 1748 434 1832 postremo
466 1751 554 1832 quid,
582 1751 663 1814 ³aut
690 1755 750 1833 quai
776 1753 817 1813 de
844 1749 981 1824 1¹causti,
1008 1751 1127 1814 consilii
1153 1749 1333 1822 habuissem

147 1833 254 1920 primi)
279 1837 394 1918 lingere
415 1837 475 1898 alia
500 1839 618 1915 omnia,
640 1838 838 1900 dissimulare
860 1837 901 1898 de
924 1838 1157 1922 conjuratione;
1179 1834 1264 1919 phet,
1280 1837 1334 1898 ubi

147 1920 227 1984 ‘fide
248 1923 369 2005 publici
387 1923 491 1984 dicere
510 1922 618 2004 jussus
642 1939 699 2000 est,
721 1922 838 1999 omnia,
861 1923 906 1985 uti
929 1940 1016 2006 gesta
1038 1938 1135 1996 erant,
1153 1921 1274 2004 aperit:
1299 1943 1333 1982 se

146 2008 257 2091 paucis
276 2005 348 2068 anui
369 2009 479 2072 diebus
501 2005 682 2085 &Gabinim
703 2009 730 2072 u
755 2008 891 2090 Cepario
913 2011 1033 2071 socium
1057 2008 1230 2070 adscitum:
1254 2007 1333 2072 nihil

147 2092 286 2175 amplius
306 2095 397 2167 scire,
410 2092 504 2176 quim
524 2096 664 2176 legatos:
690 2095 908 2156 tantummodo
930 2095 1040 2156 audire
1060 2093 1186 2158 solitum
1205 2113 1245 2154 ex
1266 2091 1330 2154 Ga·

147 2178 235 2241 binio
253 2179 290 2240 P.
308 2177 513 2254 Autronium,
524 2179 592 2242 Ser.
609 2180 739 2255 Sullam,
749 2180 789 2240 L.
800 2180 1168 2262 Vargunteium,multos
1184 2192 1333 2261 praeterea

147 2263 181 2325 in
199 2265 234 2325 cit
256 2265 468 2349 conjuratione
489 2287 566 2328 esse.
614 2261 836 2328 Eadcm‘Galli
854 2264 1008 2328 fatentur:
1032 2282 1064 2328 at
1078 2265 1247 2327 Lentulum
1266 2265 1331 2326 dis·

69 2366 71 2376 ·
146 2350 348 2416 simulantem
370 2351 576 2438 ⁴coarguunt,
598 2366 711 2433 praeter
732 2352 849 2426 literas,
871 2352 1079 2429 sermonibus,
1101 2372 1180 2433 quos
1203 2351 1254 2412 ille
1276 2349 1331 2412 ha·

146 2434 221 2496 berc
255 2433 365 2498 solitus
393 2452 471 2513 etat,
500 2459 541 2500 ex
569 2438 657 2501 libris
695 2437 892 2521 kSibyllinis,
921 2455 1056 2520 regnum
1090 2436 1200 2498 Romae
1232 2435 1331 2526 tribus

587 2537 885 2622 turuuinarnmo.

187 2675 200 2712 ¹
218 2672 385 2754 Cogitabat
405 2675 587 2760 supplicium
608 2678 728 2739 illorum
752 2699 834 2756 nere,
848 2679 885 2740 de
898 2679 1008 2753 literis,
1011 2671 1162 2762 postremi
1177 2674 1257 2759 quid
1261 2697 1332 2742 cott-

135 2757 286 2850 suturum
311 2761 371 2821 sibi
397 2762 494 2836 oneri,
519 2764 727 2846 impunitatem
749 2765 814 2826 silii
835 2764 1000 2839 habuisset,
1021 2775 1074 2824 out
1095 2763 1157 2848 qud
1181 2762 1218 2821 dc
1238 2780 1331 2824 couso

140 2844 310 2935 perdendo,
319 2845 499 2928 reipublice.
751 2850 829 2912 illud
840 2852 978 2940 cepisset,
987 2846 1089 2934 primi
1105 2848 1196 2932 coept't
1200 2843 1332 2932 fingere

187 2930 201 2966 2
225 2927 338 2991 Consul
357 2933 423 3016 ipse
446 2943 550 2999 teneus
568 2933 726 3000 Lentulum
749 2937 930 2999 olioomnio.
1287 2935 1289 2940 ’

144 3033 247 3090 manu,
262 3016 336 3099 quio
351 3029 471 3100 pretor
492 3031 571 3097 erat,
589 3040 655 3082 eum
675 3021 724 3084 de·
790 3025 803 3058 ⁴
819 3021 861 3083 At
875 3021 1227 3086 convincuntLentqum
1238 3021 1331 3082 dessi-

144 3100 228 3162 ducit
243 3103 276 3162 in
290 3114 438 3166 senatum.
749 3108 919 3182 molantem,
929 3119 1045 3192 proter
1059 3108 1176 3183 literas,
1184 3108 1332 3176 sermoni·

186 3186 200 3262 ‚³
221 3185 387 3254 Volturtt'us
401 3192 614 3274 iuterrogatus
624 3191 661 3254 de
673 3192 725 3252 iti·
749 3192 814 3270 bus,
828 3214 902 3277 quos
917 3194 966 3255 ille
979 3191 1088 3255 habere
1102 3194 1210 3256 solitus
1223 3203 1304 3256 croti
1430 3189 1434 3200 '

683 3321 797 3370 NO'l'AE.

143 3491 149 3502 Ι
176 3423 306 3489 attam]
334 3426 560 3484 Quemadmodum
580 3427 642 3491 fult,
664 3445 723 3480 nam
748 3429 1223 3495 mnnetenimc'rcernsnbvcsperam
1234 3429 1331 3484 missos

143 3491 202 3542 ideo
214 3501 307 3556 postes
319 3492 461 3546 inexilium
472 3503 547 3546 acuis
559 3507 608 3546 est.
749 3499 839 3558 l'uisse,
852 3501 894 3561 qui
913 3515 973 3550 eum
989 3514 1050 3548 cum
1070 3500 1169 3548 caeteris
1187 3499 1332 3563 deprehen·

177 3558 373 3633 beatiſsimam]
406 3563 448 3612 Ad
463 3563 490 3612 id
503 3564 681 3624 corroborato,
693 3579 719 3614 cu
748 3565 852 3616 derunt.
978 3605 980 3610 .
1085 3625 1087 3630 ,
1286 3603 1294 3616 .

141 3627 272 3687 conjurati
285 3628 449 3688 punirentur.
781 3633 797 3681 h
813 3631 925 3696 eausa]
949 3631 1122 3689 Quamobrem
1138 3631 1359 3695 refertissimi,

174 3703 189 3738 c
203 3689 431 3758 Tarracinensem]
453 3696 596 3746 Tarracina
608 3695 670 3746 urbs
683 3688 726 3745 est‘
750 3697 784 3748 lia
795 3707 888 3748 contra
900 3700 1089 3763 rempublicam
1102 3700 1225 3763 cepisset.

140 3755 297 3809 Volscorum
315 3763 455 3822 maritima,
467 3763 500 3812 ab
517 3762 580 3812 urbe
593 3765 677 3812 Roma
689 3762 722 3813 ad
782 3765 861 3813 iFide
868 3763 991 3831 publici]
1014 3768 1045 3816 ld
1058 3773 1111 3828 est,
1122 3771 1265 3831 impunitate
1273 3773 1329 3829 pro-

140 3831 239 3875 ottum.
750 3835 818 3888 misci,
829 3837 850 3880 si
862 3849 946 3882 verrem
956 3837 1057 3882 diceret.

176 3888 321 3954 diriditis]
334 3893 418 3954 ,lycnt
437 3895 566 3946 descuvert
585 3899 609 3944 lo
631 3907 721 3948 tratre.¹
781 3897 956 3966 kSihyllinis]
974 3903 1091 3950 Fuemnt
1104 3899 1205 3966 Sibyllae
1214 3898 1329 3964 virgines

141 3958 226 4021 dyottt
238 3962 266 4008 ed
280 3961 369 4007 levent
381 3962 412 4007 de
424 3977 449 4008 ce
460 3977 506 4021 qne
517 3965 533 4011 l’
546 3963 677 4028 onsot'soa't.
748 3963 869 4024 fatidicae,
878 3981 989 4030 quarum
999 3983 1056 4018 tina.
1067 3982 1124 4034 quae
1136 3967 1263 4033 Erythrea
1274 3965 1330 4012 dic·

167 4022 329 4102 corallinis]
353 4027 493 4086 Senatorii,
514 4029 625 4080 scilicet.
656 4029 721 4082 Gall.
747 4039 834 4090 tuest,
844 4033 875 4082 ab
888 4034 999 4096 origine,
1009 4034 1073 4082 urbe
1088 4033 1193 4084 scilicet
1204 4033 1330 4095 Erythris,

141 4091 303 4143 L'otsemilta
315 4095 384 4141 etum
390 4092 459 4156 sorte
471 4100 590 4158 complete.
748 4098 772 4146 'm
785 4099 866 4152 lonii.
880 4100 1034 4160 decumani,
1042 4100 1077 4148 ab
1087 4099 1248 4150 habitatione
1258 4098 1331 4146 urbis

164 4157 188 4231 ,f
200 4159 259 4208 Ctrtn
268 4155 406 4236 ,ligustici
416 4159 598 4226 Allobrogum,
612 4162 722 4224 scilicet,
742 4167 773 4214 in
786 4167 937 4230 Campania,
954 4181 1011 4231 quae
1030 4167 1128 4216 dicitnr
1145 4169 1232 4221 oin-ne,
1246 4165 1330 4215 libros

139 4224 234 4274 Cicero
248 4225 316 4275 dicit
333 4241 382 4276 non
401 4223 565 4276 introductos
577 4229 659 4280 suisse
678 4247 723 4281 eos
749 4239 803 4280 tres
815 4235 960 4298 Tarquinio
974 4233 1079 4289 obtulit,
1092 4248 1203 4298 quocum
1218 4233 1332 4282 auctori·

141 4285 193 4338 unu
207 4303 265 4370 eum
278 4292 423 4341 Volturtio.
439 4354 448 4373 x
749 4304 789 4346 tas
802 4303 926 4364 tanquam
944 4297 1071 4348 divinitus
1090 4300 1229 4350 missorum
1240 4315 1331 4348 oracu-

173 4357 365 4428 guerinni]
392 4357 470 4423 quod
487 4358 548 4420 iret,
564 4369 720 4414 curnoctu:
750 4365 832 4422 lorum
844 4365 916 4430 apud
926 4369 1054 4422 Romanos
1069 4361 1305 4420 chorosanctafuita

883 4452 894 4488 Ι
