<?xml version="1.0" encoding="UTF-8"?>
<!DOCTYPE html PUBLIC "-//W3C//DTD XHTML 1.0 Transitional//EN"
    "http://www.w3.org/TR/xhtml1/DTD/xhtml1-transitional.dtd">
<html xmlns="http://www.w3.org/1999/xhtml" xml:lang="en" lang="en">
 <head>
  <title>
</title>
<meta http-equiv="Content-Type" content="text/html;charset=utf-8" />
  <meta name='ocr-system' content='tesseract 3.04.00' />
  <meta name='ocr-capabilities' content='ocr_page ocr_carea ocr_par ocr_line ocrx_word'/>
</head>
<body>
  <div class='ocr_page' id='page_1' title='image "./operaomniaquaee00crisgoog_0261.png"; bbox 0 0 3034 5054; ppageno 0'>
   <div class='ocr_carea' id='block_1_1' title="bbox 218 265 1209 405">
    <p class='ocr_par' dir='ltr' id='par_1_1' title="bbox 218 265 1209 405">
     <span class='ocr_line' id='line_1_1' title="bbox 218 265 1209 405; baseline -0.004 -28"><span class='ocrx_word' id='word_1_1' title='bbox 218 315 296 387; x_wconf 53' lang='lat' dir='ltr'>‘us</span> <span class='ocrx_word' id='word_1_2' title='bbox 649 295 980 405; x_wconf 20' lang='lat' dir='ltr'>,nscnamnrro&#39;</span> <span class='ocrx_word' id='word_1_3' title='bbox 1023 367 1025 378; x_wconf 41' lang='lat'>,</span> <span class='ocrx_word' id='word_1_4' title='bbox 1207 265 1209 270; x_wconf 63' lang='grc'>’</span> 
     </span>
    </p>
   </div>
   <div class='ocr_carea' id='block_1_2' title="bbox 151 477 1423 2102">
    <p class='ocr_par' dir='ltr' id='par_1_2' title="bbox 151 477 1423 2102">
     <span class='ocr_line' id='line_1_2' title="bbox 233 477 1418 572; baseline 0.002 -20"><span class='ocrx_word' id='word_1_5' title='bbox 233 477 457 571; x_wconf 59' lang='grc' dir='ltr'>εςτεςὶἰέῐνίε,</span> <span class='ocrx_word' id='word_1_6' title='bbox 473 499 504 548; x_wconf 90' lang='lat' dir='ltr'>et</span> <span class='ocrx_word' id='word_1_7' title='bbox 524 485 620 548; x_wconf 87' lang='lat' dir='ltr'>unicae</span> <span class='ocrx_word' id='word_1_8' title='bbox 636 499 717 548; x_wconf 89' lang='lat' dir='ltr'>sunt.</span> <span class='ocrx_word' id='word_1_9' title='bbox 762 483 884 557; x_wconf 78' lang='lat' dir='ltr'>Quasi</span> <span class='ocrx_word' id='word_1_10' title='bbox 900 499 933 546; x_wconf 92' lang='lat' dir='ltr'>tu</span> <span class='ocrx_word' id='word_1_11' title='bbox 950 481 1028 544; x_wconf 91' lang='lat' dir='ltr'>mibi</span> <span class='ocrx_word' id='word_1_12' title='bbox 1045 481 1091 546; x_wconf 90' lang='lat' dir='ltr'>uti</span> <span class='ocrx_word' id='word_1_13' title='bbox 1107 485 1187 550; x_wconf 80' lang='lat' dir='ltr'>vitia</span> <span class='ocrx_word' id='word_1_14' title='bbox 1204 487 1328 572; x_wconf 82' lang='lat' dir='ltr'>objicis,</span> <span class='ocrx_word' id='word_1_15' title='bbox 1347 489 1418 554; x_wconf 76' lang='lat' dir='ltr'>²te-&#39;</span> 
     </span>
     <span class='ocr_line' id='line_1_3' title="bbox 233 569 1419 658; baseline -0.002 -21"><span class='ocrx_word' id='word_1_16' title='bbox 233 574 359 637; x_wconf 86' lang='lat' dir='ltr'>meritas</span> <span class='ocrx_word' id='word_1_17' title='bbox 376 590 427 634; x_wconf 89' lang='lat' dir='ltr'>tua</span> <span class='ocrx_word' id='word_1_18' title='bbox 440 571 691 658; x_wconf 83' lang='lat' dir='ltr'>reprehendetur,</span> <span class='ocrx_word' id='word_1_19' title='bbox 707 593 767 634; x_wconf 91' lang='lat' dir='ltr'>non</span> <span class='ocrx_word' id='word_1_20' title='bbox 782 592 850 631; x_wconf 88' lang='lat' dir='ltr'>mea</span> <span class='ocrx_word' id='word_1_21' title='bbox 866 569 942 630; x_wconf 89' lang='lat' dir='ltr'>vitia</span> <span class='ocrx_word' id='word_1_22' title='bbox 957 569 1173 650; x_wconf 87' lang='lat' dir='ltr'>culpabuntur.</span> <span class='ocrx_word' id='word_1_23' title='bbox 1221 573 1317 636; x_wconf 90' lang='lat' dir='ltr'>Plura</span> <span class='ocrx_word' id='word_1_24' title='bbox 1333 573 1419 636; x_wconf 90' lang='lat' dir='ltr'>dice·</span> 
     </span>
     <span class='ocr_line' id='line_1_4' title="bbox 231 654 1420 742; baseline -0.003 -18"><span class='ocrx_word' id='word_1_25' title='bbox 231 682 312 732; x_wconf 76' lang='lat' dir='ltr'>rent,</span> <span class='ocrx_word' id='word_1_26' title='bbox 328 659 354 720; x_wconf 93' lang='lat' dir='ltr'>si</span> <span class='ocrx_word' id='word_1_27' title='bbox 377 657 459 739; x_wconf 88' lang='lat' dir='ltr'>apud</span> <span class='ocrx_word' id='word_1_28' title='bbox 480 657 557 718; x_wconf 89' lang='lat' dir='ltr'>alios</span> <span class='ocrx_word' id='word_1_29' title='bbox 579 657 655 718; x_wconf 90' lang='lat' dir='ltr'>mihi</span> <span class='ocrx_word' id='word_1_30' title='bbox 678 671 759 718; x_wconf 87' lang='lat' dir='ltr'>esset</span> <span class='ocrx_word' id='word_1_31' title='bbox 778 656 946 717; x_wconf 79' lang='lat' dir='ltr'>dicendum</span> <span class='ocrx_word' id='word_1_32' title='bbox 966 655 1003 716; x_wconf 86' lang='lat' dir='ltr'>P.</span> <span class='ocrx_word' id='word_1_33' title='bbox 1021 654 1060 716; x_wconf 86' lang='lat' dir='ltr'>C&#39;.</span> <span class='ocrx_word' id='word_1_34' title='bbox 1078 678 1137 732; x_wconf 83' lang='lat' dir='ltr'>non</span> <span class='ocrx_word' id='word_1_35' title='bbox 1155 659 1241 742; x_wconf 92' lang='lat' dir='ltr'>apud</span> <span class='ocrx_word' id='word_1_36' title='bbox 1256 681 1324 738; x_wconf 88' lang='lat' dir='ltr'>vos,</span> <span class='ocrx_word' id='word_1_37' title='bbox 1339 679 1420 741; x_wconf 86' lang='lat' dir='ltr'>quos</span> 
     </span>
     <span class='ocr_line' id='line_1_5' title="bbox 193 739 1420 816; baseline -0.005 -6"><span class='ocrx_word' id='word_1_38' title='bbox 193 757 195 762; x_wconf 87' lang='lat'>&#39;</span> <span class='ocrx_word' id='word_1_39' title='bbox 233 745 326 810; x_wconf 87' lang='lat' dir='ltr'>habui</span> <span class='ocrx_word' id='word_1_40' title='bbox 339 743 478 804; x_wconf 88' lang='lat' dir='ltr'>omnium</span> <span class='ocrx_word' id='word_1_41' title='bbox 493 742 649 802; x_wconf 88' lang='lat' dir='ltr'>actionum</span> <span class='ocrx_word' id='word_1_42' title='bbox 665 762 804 802; x_wconf 87' lang='lat' dir='ltr'>mearum</span> <span class='ocrx_word' id='word_1_43' title='bbox 822 739 1001 801; x_wconf 82' lang='lat' dir='ltr'>monitores.</span> <span class='ocrx_word' id='word_1_44' title='bbox 1047 739 1123 816; x_wconf 90' lang='lat' dir='ltr'>Sed,</span> <span class='ocrx_word' id='word_1_45' title='bbox 1139 743 1191 804; x_wconf 92' lang='lat' dir='ltr'>ubi</span> <span class='ocrx_word' id='word_1_46' title='bbox 1207 765 1313 806; x_wconf 87' lang='lat' dir='ltr'>rerum</span> <span class='ocrx_word' id='word_1_47' title='bbox 1329 743 1420 806; x_wconf 90' lang='lat' dir='ltr'>testi·</span> 
     </span>
     <span class='ocr_line' id='line_1_6' title="bbox 233 824 1423 908; baseline -0.003 -15"><span class='ocrx_word' id='word_1_48' title='bbox 233 831 339 894; x_wconf 88' lang='lat' dir='ltr'>monia</span> <span class='ocrx_word' id='word_1_49' title='bbox 351 828 472 900; x_wconf 78' lang='lat' dir='ltr'>adsunt,</span> <span class='ocrx_word' id='word_1_50' title='bbox 486 827 563 907; x_wconf 89' lang='lat' dir='ltr'>quid</span> <span class='ocrx_word' id='word_1_51' title='bbox 579 847 656 908; x_wconf 88' lang='lat' dir='ltr'>opus</span> <span class='ocrx_word' id='word_1_52' title='bbox 668 841 714 887; x_wconf 89' lang='lat' dir='ltr'>est</span> <span class='ocrx_word' id='word_1_53' title='bbox 726 825 849 888; x_wconf 84' lang='lat' dir='ltr'>verbis?</span> <span class='ocrx_word' id='word_1_54' title='bbox 868 825 973 898; x_wconf 90' lang='lat' dir='ltr'>Nunc,</span> <span class='ocrx_word' id='word_1_55' title='bbox 987 825 1027 886; x_wconf 90' lang='lat' dir='ltr'>ad</span> <span class='ocrx_word' id='word_1_56' title='bbox 1039 842 1070 887; x_wconf 91' lang='lat' dir='ltr'>te</span> <span class='ocrx_word' id='word_1_57' title='bbox 1083 824 1131 888; x_wconf 86' lang='lat' dir='ltr'>uti</span> <span class='ocrx_word' id='word_1_58' title='bbox 1146 845 1292 906; x_wconf 87' lang='lat' dir='ltr'>revertar,</span> <span class='ocrx_word' id='word_1_59' title='bbox 1301 829 1423 890; x_wconf 86' lang='lat' dir='ltr'>Sallus-</span> 
     </span>
     <span class='ocr_line' id='line_1_7' title="bbox 232 910 1422 997; baseline -0.003 -19"><span class='ocrx_word' id='word_1_60' title='bbox 232 919 269 991; x_wconf 85' lang='lat' dir='ltr'>ti,</span> <span class='ocrx_word' id='word_1_61' title='bbox 284 930 464 997; x_wconf 87' lang='lat' dir='ltr'>patremque</span> <span class='ocrx_word' id='word_1_62' title='bbox 481 929 569 974; x_wconf 88' lang='lat' dir='ltr'>tuum</span> <span class='ocrx_word' id='word_1_63' title='bbox 582 927 783 994; x_wconf 70' lang='lat' dir='ltr'>praeteream,</span> <span class='ocrx_word' id='word_1_64' title='bbox 801 910 854 992; x_wconf 91' lang='lat' dir='ltr'>qui</span> <span class='ocrx_word' id='word_1_65' title='bbox 868 911 894 972; x_wconf 90' lang='lat' dir='ltr'>si</span> <span class='ocrx_word' id='word_1_66' title='bbox 906 931 1065 992; x_wconf 88' lang='lat' dir='ltr'>nunquam</span> <span class='ocrx_word' id='word_1_67' title='bbox 1084 912 1116 974; x_wconf 90' lang='lat' dir='ltr'>in</span> <span class='ocrx_word' id='word_1_68' title='bbox 1128 912 1190 974; x_wconf 75' lang='lat' dir='ltr'>vitai</span> <span class='ocrx_word' id='word_1_69' title='bbox 1200 916 1251 976; x_wconf 78' lang='lat' dir='ltr'>sua</span> <span class='ocrx_word' id='word_1_70' title='bbox 1265 912 1422 994; x_wconf 86' lang='lat' dir='ltr'>peccavit,</span> 
     </span>
     <span class='ocr_line' id='line_1_8' title="bbox 232 995 1422 1082; baseline -0.001 -20"><span class='ocrx_word' id='word_1_71' title='bbox 232 1017 336 1062; x_wconf 87' lang='lat' dir='ltr'>tamen</span> <span class='ocrx_word' id='word_1_72' title='bbox 360 998 510 1080; x_wconf 88' lang='lat' dir='ltr'>majorem</span> <span class='ocrx_word' id='word_1_73' title='bbox 534 997 679 1082; x_wconf 88' lang='lat' dir='ltr'>injuriam</span> <span class='ocrx_word' id='word_1_74' title='bbox 695 997 772 1078; x_wconf 89' lang='lat' dir='ltr'>reip.</span> <span class='ocrx_word' id='word_1_75' title='bbox 788 995 891 1056; x_wconf 87' lang='lat' dir='ltr'>facere</span> <span class='ocrx_word' id='word_1_76' title='bbox 906 1016 968 1056; x_wconf 88' lang='lat' dir='ltr'>non</span> <span class='ocrx_word' id='word_1_77' title='bbox 985 997 1096 1076; x_wconf 89' lang='lat' dir='ltr'>potuit,</span> <span class='ocrx_word' id='word_1_78' title='bbox 1110 996 1204 1079; x_wconf 70' lang='lat' dir='ltr'>quam</span> <span class='ocrx_word' id='word_1_79' title='bbox 1220 999 1306 1080; x_wconf 85' lang='lat' dir='ltr'>qubd</span> <span class='ocrx_word' id='word_1_80' title='bbox 1323 1009 1354 1060; x_wconf 81' lang='lat' dir='ltr'>te</span> <span class='ocrx_word' id='word_1_81' title='bbox 1371 1012 1422 1061; x_wconf 82' lang='lat' dir='ltr'>ta·</span> 
     </span>
     <span class='ocr_line' id='line_1_9' title="bbox 151 1073 1422 1167; baseline -0.003 -19"><span class='ocrx_word' id='word_1_82' title='bbox 151 1073 161 1094; x_wconf 76' lang='grc'><strong>’</strong></span> <span class='ocrx_word' id='word_1_83' title='bbox 233 1086 295 1148; x_wconf 90' lang='lat' dir='ltr'>lem</span> <span class='ocrx_word' id='word_1_84' title='bbox 310 1084 408 1145; x_wconf 87' lang='lat' dir='ltr'>filium</span> <span class='ocrx_word' id='word_1_85' title='bbox 425 1081 543 1164; x_wconf 88' lang='lat' dir='ltr'>genuit.</span> <span class='ocrx_word' id='word_1_86' title='bbox 582 1083 696 1164; x_wconf 86' lang='lat' dir='ltr'>Neque</span> <span class='ocrx_word' id='word_1_87' title='bbox 708 1096 742 1143; x_wconf 92' lang='lat' dir='ltr'>tn</span> <span class='ocrx_word' id='word_1_88' title='bbox 755 1083 780 1142; x_wconf 91' lang='lat' dir='ltr'>si</span> <span class='ocrx_word' id='word_1_89' title='bbox 793 1079 870 1161; x_wconf 89' lang='lat' dir='ltr'>quid</span> <span class='ocrx_word' id='word_1_90' title='bbox 887 1079 917 1141; x_wconf 89' lang='lat' dir='ltr'>in</span> <span class='ocrx_word' id='word_1_91' title='bbox 933 1081 1066 1163; x_wconf 72' lang='lat' dir='ltr'>pueritia</span> <span class='ocrx_word' id='word_1_92' title='bbox 1079 1084 1228 1167; x_wconf 83' lang='lat' dir='ltr'>peccasti,</span> <span class='ocrx_word' id='word_1_93' title='bbox 1242 1099 1422 1165; x_wconf 61' lang='lat' dir='ltr'>essequam</span> 
     </span>
     <span class='ocr_line' id='line_1_10' title="bbox 233 1165 1422 1253; baseline -0.004 -19"><span class='ocrx_word' id='word_1_94' title='bbox 233 1193 272 1234; x_wconf 88' lang='lat' dir='ltr'>ne</span> <span class='ocrx_word' id='word_1_95' title='bbox 287 1178 446 1253; x_wconf 86' lang='lat' dir='ltr'>parentem</span> <span class='ocrx_word' id='word_1_96' title='bbox 461 1185 549 1231; x_wconf 90' lang='lat' dir='ltr'>tuum</span> <span class='ocrx_word' id='word_1_97' title='bbox 563 1168 672 1230; x_wconf 89' lang='lat' dir='ltr'>videar</span> <span class='ocrx_word' id='word_1_98' title='bbox 687 1187 841 1241; x_wconf 88' lang='lat' dir='ltr'>accusare,</span> <span class='ocrx_word' id='word_1_99' title='bbox 851 1165 904 1246; x_wconf 87' lang='lat' dir='ltr'>qui</span> <span class='ocrx_word' id='word_1_100' title='bbox 919 1187 957 1227; x_wconf 92' lang='lat' dir='ltr'>eo</span> <span class='ocrx_word' id='word_1_101' title='bbox 973 1183 1114 1249; x_wconf 89' lang='lat' dir='ltr'>tempore</span> <span class='ocrx_word' id='word_1_102' title='bbox 1125 1189 1280 1232; x_wconf 89' lang='lat' dir='ltr'>summam</span> <span class='ocrx_word' id='word_1_103' title='bbox 1294 1168 1342 1231; x_wconf 92' lang='lat' dir='ltr'>tui</span> <span class='ocrx_word' id='word_1_104' title='bbox 1356 1189 1422 1252; x_wconf 91' lang='lat' dir='ltr'>po-</span> 
     </span>
     <span class='ocr_line' id='line_1_11' title="bbox 232 1249 1423 1334; baseline -0.003 -14"><span class='ocrx_word' id='word_1_105' title='bbox 232 1268 377 1320; x_wconf 83' lang='lat' dir='ltr'>testatem</span> <span class='ocrx_word' id='word_1_106' title='bbox 388 1252 495 1316; x_wconf 91' lang='lat' dir='ltr'>habuit</span> <span class='ocrx_word' id='word_1_107' title='bbox 506 1278 514 1326; x_wconf 84' lang='lat'><em>3</em></span> <span class='ocrx_word' id='word_1_108' title='bbox 531 1254 586 1315; x_wconf 89' lang='lat' dir='ltr'>sed</span> <span class='ocrx_word' id='word_1_109' title='bbox 596 1253 720 1334; x_wconf 90' lang='lat' dir='ltr'>qualem</span> <span class='ocrx_word' id='word_1_110' title='bbox 733 1249 973 1314; x_wconf 80' lang='lat' dir='ltr'>adolescentiam</span> <span class='ocrx_word' id='word_1_111' title='bbox 985 1251 1106 1333; x_wconf 79' lang='lat' dir='ltr'>egeris:</span> <span class='ocrx_word' id='word_1_112' title='bbox 1122 1253 1178 1316; x_wconf 73' lang='lat' dir='ltr'>hac</span> <span class='ocrx_word' id='word_1_113' title='bbox 1190 1255 1274 1317; x_wconf 88' lang='lat' dir='ltr'>enirn</span> <span class='ocrx_word' id='word_1_114' title='bbox 1285 1254 1423 1316; x_wconf 85' lang='lat' dir='ltr'>demon·</span> 
     </span>
     <span class='ocr_line' id='line_1_12' title="bbox 232 1334 1422 1423; baseline -0.005 -17"><span class='ocrx_word' id='word_1_115' title='bbox 232 1343 338 1417; x_wconf 74' lang='lat' dir='ltr'>strati,</span> <span class='ocrx_word' id='word_1_116' title='bbox 353 1339 442 1402; x_wconf 86' lang='lat' dir='ltr'>facile</span> <span class='ocrx_word' id='word_1_117' title='bbox 459 1339 658 1422; x_wconf 77' lang='lat' dir='ltr'><strong>intelligetur,</strong></span> <span class='ocrx_word' id='word_1_118' title='bbox 670 1334 763 1420; x_wconf 73' lang='lat' dir='ltr'>quarn</span> <span class='ocrx_word' id='word_1_119' title='bbox 779 1336 927 1419; x_wconf 86' lang='lat' dir='ltr'><strong>petulanti</strong></span> <span class='ocrx_word' id='word_1_120' title='bbox 944 1337 1088 1419; x_wconf 71' lang='lat' dir='ltr'>pueritia,</span> <span class='ocrx_word' id='word_1_121' title='bbox 1100 1352 1162 1400; x_wconf 91' lang='lat' dir='ltr'>tam</span> <span class='ocrx_word' id='word_1_122' title='bbox 1178 1339 1372 1423; x_wconf 88' lang='lat' dir='ltr'>impudicus,</span> <span class='ocrx_word' id='word_1_123' title='bbox 1389 1352 1422 1400; x_wconf 89' lang='lat' dir='ltr'>et</span> 
     </span>
     <span class='ocr_line' id='line_1_13' title="bbox 232 1419 1421 1513; baseline -0.007 -21"><span class='ocrx_word' id='word_1_124' title='bbox 232 1447 359 1513; x_wconf 83' lang='lat' dir='ltr'>procax,</span> <span class='ocrx_word' id='word_1_125' title='bbox 385 1424 569 1487; x_wconf 87' lang='lat' dir='ltr'>adoleveris.</span> <span class='ocrx_word' id='word_1_126' title='bbox 614 1419 727 1486; x_wconf 73' lang='lat' dir='ltr'>Posteri</span> <span class='ocrx_word' id='word_1_127' title='bbox 753 1419 846 1504; x_wconf 68' lang='lat' dir='ltr'>quam</span> <span class='ocrx_word' id='word_1_128' title='bbox 876 1421 1036 1484; x_wconf 84' lang='lat' dir='ltr'>immensae</span> <span class='ocrx_word' id='word_1_129' title='bbox 1063 1423 1142 1504; x_wconf 86' lang='lat' dir='ltr'>gulae</span> <span class='ocrx_word' id='word_1_130' title='bbox 1172 1423 1421 1508; x_wconf 83' lang='lat' dir='ltr'>impudicissimi</span> 
     </span>
     <span class='ocr_line' id='line_1_14' title="bbox 233 1507 1420 1596; baseline -0.007 -19"><span class='ocrx_word' id='word_1_131' title='bbox 233 1513 373 1596; x_wconf 87' lang='lat' dir='ltr'>corporis</span> <span class='ocrx_word' id='word_1_132' title='bbox 388 1525 524 1594; x_wconf 83' lang='lat' dir='ltr'>quaestus</span> <span class='ocrx_word' id='word_1_133' title='bbox 538 1510 676 1572; x_wconf 89' lang='lat' dir='ltr'>sufficere</span> <span class='ocrx_word' id='word_1_134' title='bbox 692 1529 753 1570; x_wconf 91' lang='lat' dir='ltr'>non</span> <span class='ocrx_word' id='word_1_135' title='bbox 768 1507 888 1590; x_wconf 74' lang='lat' dir='ltr'>potuit,</span> <span class='ocrx_word' id='word_1_136' title='bbox 912 1523 942 1570; x_wconf 90' lang='lat' dir='ltr'>et</span> <span class='ocrx_word' id='word_1_137' title='bbox 957 1524 1029 1570; x_wconf 86' lang='lat' dir='ltr'>aetas</span> <span class='ocrx_word' id='word_1_138' title='bbox 1045 1524 1098 1570; x_wconf 89' lang='lat' dir='ltr'>tua</span> <span class='ocrx_word' id='word_1_139' title='bbox 1113 1509 1181 1591; x_wconf 87' lang='lat' dir='ltr'>jam</span> <span class='ocrx_word' id='word_1_140' title='bbox 1197 1513 1238 1572; x_wconf 93' lang='lat' dir='ltr'>ad</span> <span class='ocrx_word' id='word_1_141' title='bbox 1253 1531 1291 1573; x_wconf 89' lang='lat' dir='ltr'>ea</span> <span class='ocrx_word' id='word_1_142' title='bbox 1313 1507 1420 1593; x_wconf 77' lang='lat' dir='ltr'>bpati·</span> 
     </span>
     <span class='ocr_line' id='line_1_15' title="bbox 233 1593 1423 1678; baseline -0.003 -19"><span class='ocrx_word' id='word_1_143' title='bbox 233 1600 325 1672; x_wconf 89' lang='lat' dir='ltr'>enda,</span> <span class='ocrx_word' id='word_1_144' title='bbox 340 1617 407 1678; x_wconf 85' lang='lat' dir='ltr'>quae</span> <span class='ocrx_word' id='word_1_145' title='bbox 419 1597 508 1658; x_wconf 90' lang='lat' dir='ltr'>alteri</span> <span class='ocrx_word' id='word_1_146' title='bbox 519 1593 620 1658; x_wconf 86' lang='lat' dir='ltr'>facere</span> <span class='ocrx_word' id='word_1_147' title='bbox 636 1593 836 1669; x_wconf 83' lang='lat' dir='ltr'>collibuisset,</span> <span class='ocrx_word' id='word_1_148' title='bbox 851 1593 1048 1656; x_wconf 80' lang='lat' dir='ltr'>exoleverat:</span> <span class='ocrx_word' id='word_1_149' title='bbox 1072 1597 1295 1676; x_wconf 85' lang='lat' dir='ltr'>cupiditatibus</span> <span class='ocrx_word' id='word_1_150' title='bbox 1312 1593 1423 1656; x_wconf 88' lang='lat' dir='ltr'>inlini·</span> 
     </span>
     <span class='ocr_line' id='line_1_16' title="bbox 233 1675 1423 1760; baseline -0.004 -15"><span class='ocrx_word' id='word_1_151' title='bbox 233 1684 274 1745; x_wconf 88' lang='lat' dir='ltr'>tis</span> <span class='ocrx_word' id='word_1_152' title='bbox 287 1679 475 1750; x_wconf 81' lang='lat' dir='ltr'>efferebaris,</span> <span class='ocrx_word' id='word_1_153' title='bbox 491 1675 548 1753; x_wconf 90' lang='lat' dir='ltr'>uti,</span> <span class='ocrx_word' id='word_1_154' title='bbox 563 1699 630 1760; x_wconf 87' lang='lat' dir='ltr'>quae</span> <span class='ocrx_word' id='word_1_155' title='bbox 646 1679 711 1760; x_wconf 89' lang='lat' dir='ltr'>ipse</span> <span class='ocrx_word' id='word_1_156' title='bbox 727 1679 849 1760; x_wconf 82' lang='lat' dir='ltr'>corpori</span> <span class='ocrx_word' id='word_1_157' title='bbox 864 1679 966 1760; x_wconf 87' lang='lat' dir='ltr'>turpia</span> <span class='ocrx_word' id='word_1_158' title='bbox 979 1680 1209 1756; x_wconf 86' lang='lat' dir='ltr'>non-duxisses,</span> <span class='ocrx_word' id='word_1_159' title='bbox 1222 1683 1255 1741; x_wconf 92' lang='lat' dir='ltr'>in</span> <span class='ocrx_word' id='word_1_160' title='bbox 1270 1679 1341 1740; x_wconf 88' lang='lat' dir='ltr'>aliis</span> <span class='ocrx_word' id='word_1_161' title='bbox 1357 1699 1423 1740; x_wconf 85' lang='lat' dir='ltr'>ex·</span> 
     </span>
     <span class='ocr_line' id='line_1_17' title="bbox 232 1759 1420 1849; baseline -0.001 -22"><span class='ocrx_word' id='word_1_162' title='bbox 232 1765 390 1849; x_wconf 75' lang='lat' dir='ltr'>periretis.</span> <span class='ocrx_word' id='word_1_163' title='bbox 435 1762 559 1827; x_wconf 73' lang='lat' dir='ltr'>Itanon</span> <span class='ocrx_word' id='word_1_164' title='bbox 579 1777 626 1826; x_wconf 90' lang='lat' dir='ltr'>est</span> <span class='ocrx_word' id='word_1_165' title='bbox 640 1759 731 1826; x_wconf 70' lang='lat' dir='ltr'>facile</span> <span class='ocrx_word' id='word_1_166' title='bbox 752 1778 907 1846; x_wconf 87' lang='lat' dir='ltr'>reputare,</span> <span class='ocrx_word' id='word_1_167' title='bbox 924 1764 960 1824; x_wconf 91' lang='lat' dir='ltr'>P.</span> <span class='ocrx_word' id='word_1_168' title='bbox 976 1763 1015 1825; x_wconf 83' lang='lat' dir='ltr'>C.</span> <span class='ocrx_word' id='word_1_169' title='bbox 1029 1781 1135 1826; x_wconf 87' lang='lat' dir='ltr'>utrum</span> <span class='ocrx_word' id='word_1_170' title='bbox 1148 1763 1420 1826; x_wconf 83' lang='lat' dir='ltr'>inhonestioribus</span> 
     </span>
     <span class='ocr_line' id='line_1_18' title="bbox 232 1849 1420 1933; baseline -0.002 -21"><span class='ocrx_word' id='word_1_171' title='bbox 232 1851 372 1932; x_wconf 87' lang='lat' dir='ltr'>corporis</span> <span class='ocrx_word' id='word_1_172' title='bbox 393 1851 531 1933; x_wconf 86' lang='lat' dir='ltr'>partibus</span> <span class='ocrx_word' id='word_1_173' title='bbox 552 1871 618 1910; x_wconf 91' lang='lat' dir='ltr'>rem</span> <span class='ocrx_word' id='word_1_174' title='bbox 640 1850 809 1930; x_wconf 78' lang='lat' dir='ltr'>quaesierit,</span> <span class='ocrx_word' id='word_1_175' title='bbox 825 1871 863 1912; x_wconf 89' lang='lat' dir='ltr'>an</span> <span class='ocrx_word' id='word_1_176' title='bbox 886 1849 1038 1912; x_wconf 85' lang='lat' dir='ltr'>amiserit.</span> <span class='ocrx_word' id='word_1_177' title='bbox 1084 1849 1226 1911; x_wconf 87' lang='lat' dir='ltr'>Domum</span> <span class='ocrx_word' id='word_1_178' title='bbox 1244 1865 1420 1932; x_wconf 89' lang='lat' dir='ltr'>paternam,</span> 
     </span>
     <span class='ocr_line' id='line_1_19' title="bbox 233 1931 1421 2019; baseline -0.003 -20"><span class='ocrx_word' id='word_1_179' title='bbox 233 1937 308 2000; x_wconf 87' lang='lat' dir='ltr'>vivo</span> <span class='ocrx_word' id='word_1_180' title='bbox 321 1951 417 2019; x_wconf 88' lang='lat' dir='ltr'>patre,</span> <span class='ocrx_word' id='word_1_181' title='bbox 427 1931 607 2019; x_wconf 76' lang='lat' dir='ltr'>turpissime</span> <span class='ocrx_word' id='word_1_182' title='bbox 620 1935 761 1997; x_wconf 89' lang='lat' dir='ltr'>venalem</span> <span class='ocrx_word' id='word_1_183' title='bbox 773 1935 892 2012; x_wconf 86' lang='lat' dir='ltr'>habuit,</span> <span class='ocrx_word' id='word_1_184' title='bbox 907 1935 1061 1996; x_wconf 88' lang='lat' dir='ltr'>vendidit.</span> <span class='ocrx_word' id='word_1_185' title='bbox 1094 1933 1138 1996; x_wconf 90' lang='lat' dir='ltr'>Et</span> <span class='ocrx_word' id='word_1_186' title='bbox 1148 1936 1198 1998; x_wconf 90' lang='lat' dir='ltr'>cui</span> <span class='ocrx_word' id='word_1_187' title='bbox 1214 1935 1347 1997; x_wconf 90' lang='lat' dir='ltr'>dubium</span> <span class='ocrx_word' id='word_1_188' title='bbox 1362 1955 1421 2017; x_wconf 89' lang='lat' dir='ltr'>po·</span> 
     </span>
     <span class='ocr_line' id='line_1_20' title="bbox 233 2021 1420 2102; baseline -0.004 -16"><span class='ocrx_word' id='word_1_189' title='bbox 233 2038 295 2086; x_wconf 91' lang='lat' dir='ltr'>test</span> <span class='ocrx_word' id='word_1_190' title='bbox 316 2043 396 2098; x_wconf 86' lang='lat' dir='ltr'>esse,</span> <span class='ocrx_word' id='word_1_191' title='bbox 410 2023 486 2102; x_wconf 91' lang='lat' dir='ltr'>quin</span> <span class='ocrx_word' id='word_1_192' title='bbox 506 2021 586 2082; x_wconf 90' lang='lat' dir='ltr'>mori</span> <span class='ocrx_word' id='word_1_193' title='bbox 606 2021 748 2100; x_wconf 72' lang='lat' dir='ltr'>coegerit</span> <span class='ocrx_word' id='word_1_194' title='bbox 762 2041 847 2096; x_wconf 89' lang='lat' dir='ltr'>eum,</span> <span class='ocrx_word' id='word_1_195' title='bbox 862 2042 936 2102; x_wconf 92' lang='lat' dir='ltr'>quo,</span> <span class='ocrx_word' id='word_1_196' title='bbox 951 2021 1013 2097; x_wconf 87' lang='lat' dir='ltr'>hic,</span> <span class='ocrx_word' id='word_1_197' title='bbox 1028 2021 1168 2083; x_wconf 90' lang='lat' dir='ltr'>nondum</span> <span class='ocrx_word' id='word_1_198' title='bbox 1190 2036 1315 2083; x_wconf 92' lang='lat' dir='ltr'>mortuo</span> <span class='ocrx_word' id='word_1_199' title='bbox 1336 2029 1420 2102; x_wconf 74' lang='lat' dir='ltr'>cpro</span> 
     </span>
    </p>
   </div>
   <div class='ocr_carea' id='block_1_3' title="bbox 132 2103 1422 2189">
    <p class='ocr_par' dir='ltr' id='par_1_3' title="bbox 132 2103 1422 2189">
     <span class='ocr_line' id='line_1_21' title="bbox 132 2103 1422 2189; baseline -0.009 -13"><span class='ocrx_word' id='word_1_200' title='bbox 132 2137 133 2146; x_wconf 53' lang='lat'>¹</span> <span class='ocrx_word' id='word_1_201' title='bbox 232 2108 357 2175; x_wconf 75' lang='lat' dir='ltr'>herede</span> <span class='ocrx_word' id='word_1_202' title='bbox 370 2106 500 2189; x_wconf 81' lang='lat' dir='ltr'>gesserit</span> <span class='ocrx_word' id='word_1_203' title='bbox 514 2105 640 2168; x_wconf 83' lang='lat' dir='ltr'>omnia?</span> <span class='ocrx_word' id='word_1_204' title='bbox 658 2105 774 2188; x_wconf 88' lang='lat' dir='ltr'>Neque</span> <span class='ocrx_word' id='word_1_205' title='bbox 788 2107 884 2189; x_wconf 88' lang='lat' dir='ltr'>pudet</span> <span class='ocrx_word' id='word_1_206' title='bbox 900 2103 980 2167; x_wconf 77' lang='lat' dir='ltr'>aime</span> <span class='ocrx_word' id='word_1_207' title='bbox 996 2127 1070 2169; x_wconf 88' lang='lat' dir='ltr'>eum</span> <span class='ocrx_word' id='word_1_208' title='bbox 1087 2125 1239 2188; x_wconf 90' lang='lat' dir='ltr'>quaerere,</span> <span class='ocrx_word' id='word_1_209' title='bbox 1249 2105 1318 2188; x_wconf 91' lang='lat' dir='ltr'>quis</span> <span class='ocrx_word' id='word_1_210' title='bbox 1332 2105 1365 2166; x_wconf 93' lang='lat' dir='ltr'>in</span> <span class='ocrx_word' id='word_1_211' title='bbox 1381 2105 1422 2166; x_wconf 84' lang='lat' dir='ltr'>P.</span> 
     </span>
    </p>
   </div>
   <div class='ocr_carea' id='block_1_4' title="bbox 232 2189 1422 3646">
    <p class='ocr_par' dir='ltr' id='par_1_4' title="bbox 232 2189 1422 3646">
     <span class='ocr_line' id='line_1_22' title="bbox 235 2189 1422 2275; baseline -0.004 -18"><span class='ocrx_word' id='word_1_212' title='bbox 235 2193 342 2258; x_wconf 84' lang='lat' dir='ltr'>Crassi</span> <span class='ocrx_word' id='word_1_213' title='bbox 358 2193 453 2254; x_wconf 91' lang='lat' dir='ltr'>domo</span> <span class='ocrx_word' id='word_1_214' title='bbox 464 2191 600 2266; x_wconf 88' lang='lat' dir='ltr'>habitet;</span> <span class='ocrx_word' id='word_1_215' title='bbox 617 2191 692 2254; x_wconf 81' lang='lat' dir='ltr'>crim</span> <span class='ocrx_word' id='word_1_216' title='bbox 708 2192 773 2275; x_wconf 87' lang='lat' dir='ltr'>ipse</span> <span class='ocrx_word' id='word_1_217' title='bbox 790 2193 977 2274; x_wconf 89' lang='lat' dir='ltr'>respondere</span> <span class='ocrx_word' id='word_1_218' title='bbox 993 2213 1055 2254; x_wconf 89' lang='lat' dir='ltr'>non</span> <span class='ocrx_word' id='word_1_219' title='bbox 1071 2207 1175 2274; x_wconf 82' lang='lat' dir='ltr'>queat,</span> <span class='ocrx_word' id='word_1_220' title='bbox 1189 2192 1259 2274; x_wconf 89' lang='lat' dir='ltr'>quis</span> <span class='ocrx_word' id='word_1_221' title='bbox 1273 2192 1307 2253; x_wconf 88' lang='lat' dir='ltr'>iu</span> <span class='ocrx_word' id='word_1_222' title='bbox 1319 2189 1422 2273; x_wconf 90' lang='lat' dir='ltr'>ipsius</span> 
     </span>
     <span class='ocr_line' id='line_1_23' title="bbox 233 2273 1420 2362; baseline -0.005 -20"><span class='ocrx_word' id='word_1_223' title='bbox 233 2280 352 2342; x_wconf 86' lang='lat' dir='ltr'>habitet</span> <span class='ocrx_word' id='word_1_224' title='bbox 366 2279 490 2362; x_wconf 72' lang='lat' dir='ltr'>paternit</span> <span class='ocrx_word' id='word_1_225' title='bbox 505 2278 611 2339; x_wconf 90' lang='lat' dir='ltr'>domo.</span> <span class='ocrx_word' id='word_1_226' title='bbox 655 2275 728 2340; x_wconf 79' lang='lat' dir='ltr'>dAt</span> <span class='ocrx_word' id='word_1_227' title='bbox 747 2277 872 2340; x_wconf 87' lang='lat' dir='ltr'>hercule</span> <span class='ocrx_word' id='word_1_228' title='bbox 894 2275 999 2361; x_wconf 89' lang='lat' dir='ltr'>lapsus</span> <span class='ocrx_word' id='word_1_229' title='bbox 1015 2279 1113 2342; x_wconf 89' lang='lat' dir='ltr'>aetatis</span> <span class='ocrx_word' id='word_1_230' title='bbox 1132 2277 1297 2360; x_wconf 87' lang='lat' dir='ltr'>tyrocinio,</span> <span class='ocrx_word' id='word_1_231' title='bbox 1313 2273 1420 2359; x_wconf 74' lang='lat' dir='ltr'>postea</span> 
     </span>
     <span class='ocr_line' id='line_1_24' title="bbox 234 2357 1419 2448; baseline -0.006 -20"><span class='ocrx_word' id='word_1_232' title='bbox 234 2388 268 2428; x_wconf 90' lang='lat' dir='ltr'>se</span> <span class='ocrx_word' id='word_1_233' title='bbox 284 2362 441 2429; x_wconf 67' lang='lat' dir='ltr'>correxit?</span> <span class='ocrx_word' id='word_1_234' title='bbox 459 2363 534 2424; x_wconf 92' lang='lat' dir='ltr'>Non</span> <span class='ocrx_word' id='word_1_235' title='bbox 546 2364 588 2425; x_wconf 91' lang='lat' dir='ltr'>ita</span> <span class='ocrx_word' id='word_1_236' title='bbox 601 2379 666 2425; x_wconf 83' lang='lat' dir='ltr'>est:</span> <span class='ocrx_word' id='word_1_237' title='bbox 681 2365 736 2425; x_wconf 87' lang='lat' dir='ltr'>sed</span> <span class='ocrx_word' id='word_1_238' title='bbox 748 2365 827 2426; x_wconf 88' lang='lat' dir='ltr'>abiit</span> <span class='ocrx_word' id='word_1_239' title='bbox 840 2365 872 2425; x_wconf 90' lang='lat' dir='ltr'>in</span> <span class='ocrx_word' id='word_1_240' title='bbox 883 2363 1064 2426; x_wconf 88' lang='lat' dir='ltr'>sodalitium</span> <span class='ocrx_word' id='word_1_241' title='bbox 1077 2357 1220 2448; x_wconf 82' lang='lat' dir='ltr'>sacrilegi</span> <span class='ocrx_word' id='word_1_242' title='bbox 1231 2361 1419 2446; x_wconf 81' lang='lat' dir='ltr'>Nigidiani:</span> 
     </span>
     <span class='ocr_line' id='line_1_25' title="bbox 234 2448 1420 2535; baseline -0.003 -23"><span class='ocrx_word' id='word_1_243' title='bbox 234 2454 283 2512; x_wconf 90' lang='lat' dir='ltr'>bis</span> <span class='ocrx_word' id='word_1_244' title='bbox 289 2451 409 2535; x_wconf 88' lang='lat' dir='ltr'>judicis</span> <span class='ocrx_word' id='word_1_245' title='bbox 419 2451 458 2510; x_wconf 87' lang='lat' dir='ltr'>ad</span> <span class='ocrx_word' id='word_1_246' title='bbox 468 2448 612 2511; x_wconf 87' lang='lat' dir='ltr'>subsellia</span> <span class='ocrx_word' id='word_1_247' title='bbox 624 2465 782 2524; x_wconf 87' lang='lat' dir='ltr'>attractus,</span> <span class='ocrx_word' id='word_1_248' title='bbox 792 2464 933 2512; x_wconf 88' lang='lat' dir='ltr'>extrema</span> <span class='ocrx_word' id='word_1_249' title='bbox 946 2448 1072 2512; x_wconf 89' lang='lat' dir='ltr'>fortuna</span> <span class='ocrx_word' id='word_1_250' title='bbox 1084 2451 1186 2512; x_wconf 86' lang='lat' dir='ltr'>stetit:</span> <span class='ocrx_word' id='word_1_251' title='bbox 1203 2465 1234 2512; x_wconf 83' lang='lat' dir='ltr'>et</span> <span class='ocrx_word' id='word_1_252' title='bbox 1247 2449 1290 2510; x_wconf 88' lang='lat' dir='ltr'>ita</span> <span class='ocrx_word' id='word_1_253' title='bbox 1302 2449 1420 2510; x_wconf 89' lang='lat' dir='ltr'>disces-</span> 
     </span>
     <span class='ocr_line' id='line_1_26' title="bbox 235 2531 1419 2620; baseline -0.005 -21"><span class='ocrx_word' id='word_1_254' title='bbox 235 2537 287 2614; x_wconf 88' lang='lat' dir='ltr'>sit,</span> <span class='ocrx_word' id='word_1_255' title='bbox 302 2531 351 2598; x_wconf 88' lang='lat' dir='ltr'>uti</span> <span class='ocrx_word' id='word_1_256' title='bbox 366 2555 427 2596; x_wconf 89' lang='lat' dir='ltr'>non</span> <span class='ocrx_word' id='word_1_257' title='bbox 438 2534 490 2596; x_wconf 87' lang='lat' dir='ltr'>hic</span> <span class='ocrx_word' id='word_1_258' title='bbox 505 2534 651 2597; x_wconf 88' lang='lat' dir='ltr'>innocens</span> <span class='ocrx_word' id='word_1_259' title='bbox 667 2557 745 2609; x_wconf 91' lang='lat' dir='ltr'>esse,</span> <span class='ocrx_word' id='word_1_260' title='bbox 758 2535 815 2597; x_wconf 90' lang='lat' dir='ltr'>sed</span> <span class='ocrx_word' id='word_1_261' title='bbox 831 2535 957 2618; x_wconf 89' lang='lat' dir='ltr'>judices</span> <span class='ocrx_word' id='word_1_262' title='bbox 969 2535 1136 2620; x_wconf 72' lang='lat' dir='ltr'>pejerasse,</span> <span class='ocrx_word' id='word_1_263' title='bbox 1153 2535 1419 2596; x_wconf 85' lang='lat' dir='ltr'>existimarentur.</span> 
     </span>
     <span class='ocr_line' id='line_1_27' title="bbox 235 2617 1419 2702; baseline -0.004 -17"><span class='ocrx_word' id='word_1_264' title='bbox 235 2617 379 2686; x_wconf 88' lang='lat' dir='ltr'>Primum</span> <span class='ocrx_word' id='word_1_265' title='bbox 402 2619 551 2682; x_wconf 89' lang='lat' dir='ltr'>honorem</span> <span class='ocrx_word' id='word_1_266' title='bbox 575 2621 608 2682; x_wconf 88' lang='lat' dir='ltr'>in</span> <span class='ocrx_word' id='word_1_267' title='bbox 631 2623 786 2702; x_wconf 75' lang='lat' dir='ltr'>quaestura</span> <span class='ocrx_word' id='word_1_268' title='bbox 808 2622 950 2702; x_wconf 89' lang='lat' dir='ltr'>adeptus,</span> <span class='ocrx_word' id='word_1_269' title='bbox 973 2621 1055 2683; x_wconf 87' lang='lat' dir='ltr'>hunc</span> <span class='ocrx_word' id='word_1_270' title='bbox 1076 2623 1194 2697; x_wconf 88' lang='lat' dir='ltr'>locum,</span> <span class='ocrx_word' id='word_1_271' title='bbox 1210 2636 1241 2683; x_wconf 93' lang='lat' dir='ltr'>et</span> <span class='ocrx_word' id='word_1_272' title='bbox 1263 2619 1419 2694; x_wconf 89' lang='lat' dir='ltr'>ordinem,</span> 
     </span>
     <span class='ocr_line' id='line_1_28' title="bbox 235 2705 1419 2789; baseline -0.007 -17"><span class='ocrx_word' id='word_1_273' title='bbox 235 2709 417 2788; x_wconf 88' lang='lat' dir='ltr'>despectum</span> <span class='ocrx_word' id='word_1_274' title='bbox 433 2705 583 2783; x_wconf 87' lang='lat' dir='ltr'>reddidit,</span> <span class='ocrx_word' id='word_1_275' title='bbox 598 2707 687 2789; x_wconf 90' lang='lat' dir='ltr'>cnjus</span> <span class='ocrx_word' id='word_1_276' title='bbox 703 2705 806 2768; x_wconf 87' lang='lat' dir='ltr'>aditus</span> <span class='ocrx_word' id='word_1_277' title='bbox 822 2705 881 2768; x_wconf 87' lang='lat' dir='ltr'>sibi</span> <span class='ocrx_word' id='word_1_278' title='bbox 897 2723 1034 2788; x_wconf 89' lang='lat' dir='ltr'>quoque,</span> <span class='ocrx_word' id='word_1_279' title='bbox 1050 2706 1269 2769; x_wconf 88' lang='lat' dir='ltr'>sordidissimo</span> <span class='ocrx_word' id='word_1_280' title='bbox 1287 2705 1419 2781; x_wconf 87' lang='lat' dir='ltr'>homini,</span> 
     </span>
     <span class='ocr_line' id='line_1_29' title="bbox 233 2789 1418 2876; baseline -0.004 -21"><span class='ocrx_word' id='word_1_281' title='bbox 233 2792 396 2876; x_wconf 86' lang='lat' dir='ltr'>patuisset.</span> <span class='ocrx_word' id='word_1_282' title='bbox 441 2791 551 2870; x_wconf 89' lang='lat' dir='ltr'>Itaque</span> <span class='ocrx_word' id='word_1_283' title='bbox 571 2791 696 2868; x_wconf 87' lang='lat' dir='ltr'>timens,</span> <span class='ocrx_word' id='word_1_284' title='bbox 718 2813 755 2852; x_wconf 93' lang='lat' dir='ltr'>ne</span> <span class='ocrx_word' id='word_1_285' title='bbox 778 2790 915 2853; x_wconf 86' lang='lat' dir='ltr'>facinora</span> <span class='ocrx_word' id='word_1_286' title='bbox 937 2791 1006 2874; x_wconf 85' lang='lat' dir='ltr'>ejus</span> <span class='ocrx_word' id='word_1_287' title='bbox 1028 2789 1108 2854; x_wconf 78' lang='lat' dir='ltr'>claim</span> <span class='ocrx_word' id='word_1_288' title='bbox 1131 2809 1187 2854; x_wconf 90' lang='lat' dir='ltr'>vos</span> <span class='ocrx_word' id='word_1_289' title='bbox 1210 2805 1321 2863; x_wconf 88' lang='lat' dir='ltr'>essent,</span> <span class='ocrx_word' id='word_1_290' title='bbox 1341 2789 1418 2852; x_wconf 80' lang='lat' dir='ltr'>crirn</span> 
     </span>
     <span class='ocr_line' id='line_1_30' title="bbox 234 2873 1417 2960; baseline -0.004 -19"><span class='ocrx_word' id='word_1_291' title='bbox 234 2877 379 2942; x_wconf 88' lang='lat' dir='ltr'>omnibus</span> <span class='ocrx_word' id='word_1_292' title='bbox 395 2875 533 2958; x_wconf 88' lang='lat' dir='ltr'>patribus</span> <span class='ocrx_word' id='word_1_293' title='bbox 546 2873 680 2950; x_wconf 78' lang='lat' dir='ltr'>familias</span> <span class='ocrx_word' id='word_1_294' title='bbox 701 2878 869 2960; x_wconf 88' lang='lat' dir='ltr'>opprobrio</span> <span class='ocrx_word' id='word_1_295' title='bbox 884 2893 984 2949; x_wconf 89' lang='lat' dir='ltr'>esset;</span> <span class='ocrx_word' id='word_1_296' title='bbox 1008 2875 1167 2940; x_wconf 85' lang='lat' dir='ltr'>confessus</span> <span class='ocrx_word' id='word_1_297' title='bbox 1184 2893 1241 2952; x_wconf 88' lang='lat' dir='ltr'>est,</span> <span class='ocrx_word' id='word_1_298' title='bbox 1256 2876 1342 2936; x_wconf 89' lang='lat' dir='ltr'>vobis</span> <span class='ocrx_word' id='word_1_299' title='bbox 1360 2897 1417 2936; x_wconf 90' lang='lat' dir='ltr'>au·</span> 
     </span>
     <span class='ocr_line' id='line_1_31' title="bbox 234 2957 1419 3044; baseline -0.003 -18"><span class='ocrx_word' id='word_1_300' title='bbox 234 2962 403 3040; x_wconf 78' lang='lat' dir='ltr'>clientibus,</span> <span class='ocrx_word' id='word_1_301' title='bbox 418 2959 604 3034; x_wconf 83' lang='lat' dir='ltr'>adulterium</span> <span class='ocrx_word' id='word_1_302' title='bbox 617 2986 627 3035; x_wconf 89' lang='lat'>;</span> <span class='ocrx_word' id='word_1_303' title='bbox 642 2983 743 3044; x_wconf 88' lang='lat' dir='ltr'>neque</span> <span class='ocrx_word' id='word_1_304' title='bbox 759 2963 883 3024; x_wconf 86' lang='lat' dir='ltr'>erubuit</span> <span class='ocrx_word' id='word_1_305' title='bbox 898 2983 953 3024; x_wconf 88' lang='lat' dir='ltr'>ora</span> <span class='ocrx_word' id='word_1_306' title='bbox 968 2978 1082 3024; x_wconf 84' lang='lat' dir='ltr'>vestra.</span> <span class='ocrx_word' id='word_1_307' title='bbox 1117 2963 1260 3038; x_wconf 79' lang='lat' dir='ltr'>Vixeris,</span> <span class='ocrx_word' id='word_1_308' title='bbox 1274 2957 1419 3035; x_wconf 87' lang='lat' dir='ltr'>utilibet,</span> 
     </span>
     <span class='ocr_line' id='line_1_32' title="bbox 235 3044 1418 3130; baseline -0.004 -18"><span class='ocrx_word' id='word_1_309' title='bbox 235 3049 378 3122; x_wconf 89' lang='lat' dir='ltr'>Sallusti;</span> <span class='ocrx_word' id='word_1_310' title='bbox 402 3047 515 3130; x_wconf 84' lang='lat' dir='ltr'>egeris,</span> <span class='ocrx_word' id='word_1_311' title='bbox 531 3067 598 3128; x_wconf 83' lang='lat' dir='ltr'>quae</span> <span class='ocrx_word' id='word_1_312' title='bbox 614 3047 767 3110; x_wconf 88' lang='lat' dir='ltr'>volueris:</span> <span class='ocrx_word' id='word_1_313' title='bbox 791 3044 868 3110; x_wconf 88' lang='lat' dir='ltr'>satis</span> <span class='ocrx_word' id='word_1_314' title='bbox 890 3049 942 3124; x_wconf 90' lang='lat' dir='ltr'>sit,</span> <span class='ocrx_word' id='word_1_315' title='bbox 956 3069 1054 3110; x_wconf 88' lang='lat' dir='ltr'>unum</span> <span class='ocrx_word' id='word_1_316' title='bbox 1074 3063 1105 3109; x_wconf 91' lang='lat' dir='ltr'>te</span> <span class='ocrx_word' id='word_1_317' title='bbox 1124 3064 1250 3110; x_wconf 88' lang='lat' dir='ltr'>tuorum</span> <span class='ocrx_word' id='word_1_318' title='bbox 1267 3048 1418 3110; x_wconf 88' lang='lat' dir='ltr'>scelerum</span> 
     </span>
     <span class='ocr_line' id='line_1_33' title="bbox 234 3132 1416 3216; baseline -0.003 -19"><span class='ocrx_word' id='word_1_319' title='bbox 234 3134 393 3198; x_wconf 84' lang='lat' dir='ltr'>conscium</span> <span class='ocrx_word' id='word_1_320' title='bbox 416 3132 500 3204; x_wconf 83' lang='lat' dir='ltr'>esse;</span> <span class='ocrx_word' id='word_1_321' title='bbox 524 3133 586 3193; x_wconf 92' lang='lat' dir='ltr'>noli</span> <span class='ocrx_word' id='word_1_322' title='bbox 609 3134 697 3194; x_wconf 90' lang='lat' dir='ltr'>nobis</span> <span class='ocrx_word' id='word_1_323' title='bbox 715 3135 911 3216; x_wconf 81' lang='lat' dir='ltr'>languorem,</span> <span class='ocrx_word' id='word_1_324' title='bbox 931 3147 964 3196; x_wconf 88' lang='lat' dir='ltr'>et</span> <span class='ocrx_word' id='word_1_325' title='bbox 983 3153 1126 3214; x_wconf 88' lang='lat' dir='ltr'>soporem</span> <span class='ocrx_word' id='word_1_326' title='bbox 1148 3133 1282 3196; x_wconf 88' lang='lat' dir='ltr'>nimium</span> <span class='ocrx_word' id='word_1_327' title='bbox 1308 3153 1416 3214; x_wconf 81' lang='lat' dir='ltr'>expro-</span> 
     </span>
     <span class='ocr_line' id='line_1_34' title="bbox 233 3217 1416 3301; baseline -0.003 -20"><span class='ocrx_word' id='word_1_328' title='bbox 233 3222 334 3282; x_wconf 87' lang='lat' dir='ltr'>brare.</span> <span class='ocrx_word' id='word_1_329' title='bbox 378 3217 494 3278; x_wconf 89' lang='lat' dir='ltr'>Sumus</span> <span class='ocrx_word' id='word_1_330' title='bbox 516 3218 682 3300; x_wconf 86' lang='lat' dir='ltr'>diligentes</span> <span class='ocrx_word' id='word_1_331' title='bbox 704 3217 736 3278; x_wconf 91' lang='lat' dir='ltr'>in</span> <span class='ocrx_word' id='word_1_332' title='bbox 757 3221 872 3280; x_wconf 76' lang='lat' dir='ltr'>tuendi</span> <span class='ocrx_word' id='word_1_333' title='bbox 894 3219 1044 3301; x_wconf 65' lang='lat' dir='ltr'>pudicitia</span> <span class='ocrx_word' id='word_1_334' title='bbox 1065 3237 1204 3280; x_wconf 86' lang='lat' dir='ltr'>uxorum</span> <span class='ocrx_word' id='word_1_335' title='bbox 1222 3233 1416 3280; x_wconf 87' lang='lat' dir='ltr'>nostrarum:</span> 
     </span>
     <span class='ocr_line' id='line_1_35' title="bbox 232 3301 1417 3387; baseline -0.001 -20"><span class='ocrx_word' id='word_1_336' title='bbox 232 3305 291 3369; x_wconf 87' lang='lat' dir='ltr'>sed</span> <span class='ocrx_word' id='word_1_337' title='bbox 307 3303 350 3365; x_wconf 91' lang='lat' dir='ltr'>ita</span> <span class='ocrx_word' id='word_1_338' title='bbox 365 3305 537 3384; x_wconf 82' lang='lat' dir='ltr'>experrecti</span> <span class='ocrx_word' id='word_1_339' title='bbox 552 3321 613 3363; x_wconf 91' lang='lat' dir='ltr'>non</span> <span class='ocrx_word' id='word_1_340' title='bbox 629 3322 748 3379; x_wconf 87' lang='lat' dir='ltr'>sumus,</span> <span class='ocrx_word' id='word_1_341' title='bbox 763 3316 797 3366; x_wconf 90' lang='lat' dir='ltr'>nt</span> <span class='ocrx_word' id='word_1_342' title='bbox 810 3301 828 3364; x_wconf 70' lang='lat' dir='ltr'>a</span> <span class='ocrx_word' id='word_1_343' title='bbox 841 3320 871 3366; x_wconf 89' lang='lat' dir='ltr'>te</span> <span class='ocrx_word' id='word_1_344' title='bbox 888 3324 997 3366; x_wconf 90' lang='lat' dir='ltr'>cavere</span> <span class='ocrx_word' id='word_1_345' title='bbox 1009 3305 1175 3387; x_wconf 89' lang='lat' dir='ltr'>possimus.</span> <span class='ocrx_word' id='word_1_346' title='bbox 1205 3303 1352 3366; x_wconf 88' lang='lat' dir='ltr'>Audacia</span> <span class='ocrx_word' id='word_1_347' title='bbox 1366 3317 1417 3366; x_wconf 90' lang='lat' dir='ltr'>tua</span> 
     </span>
     <span class='ocr_line' id='line_1_36' title="bbox 234 3385 1417 3472; baseline -0.002 -20"><span class='ocrx_word' id='word_1_348' title='bbox 234 3389 332 3452; x_wconf 90' lang='lat' dir='ltr'>vincit</span> <span class='ocrx_word' id='word_1_349' title='bbox 344 3387 448 3450; x_wconf 89' lang='lat' dir='ltr'>studia</span> <span class='ocrx_word' id='word_1_350' title='bbox 463 3401 591 3450; x_wconf 82' lang='lat' dir='ltr'>nostra.¹</span> <span class='ocrx_word' id='word_1_351' title='bbox 622 3385 756 3470; x_wconf 84' lang='lat' dir='ltr'>Ecquod</span> <span class='ocrx_word' id='word_1_352' title='bbox 776 3389 858 3451; x_wconf 89' lang='lat' dir='ltr'>hune</span> <span class='ocrx_word' id='word_1_353' title='bbox 873 3398 998 3450; x_wconf 88' lang='lat' dir='ltr'>movere</span> <span class='ocrx_word' id='word_1_354' title='bbox 1013 3391 1121 3472; x_wconf 89' lang='lat' dir='ltr'>possit,</span> <span class='ocrx_word' id='word_1_355' title='bbox 1138 3389 1175 3450; x_wconf 88' lang='lat' dir='ltr'>P.</span> <span class='ocrx_word' id='word_1_356' title='bbox 1192 3389 1230 3451; x_wconf 91' lang='lat' dir='ltr'>C.</span> <span class='ocrx_word' id='word_1_357' title='bbox 1249 3389 1367 3450; x_wconf 82' lang='lat' dir='ltr'>factum</span> <span class='ocrx_word' id='word_1_358' title='bbox 1384 3411 1417 3450; x_wconf 90' lang='lat' dir='ltr'>ac</span> 
     </span>
     <span class='ocr_line' id='line_1_37' title="bbox 235 3471 1418 3557; baseline -0.003 -19"><span class='ocrx_word' id='word_1_359' title='bbox 235 3476 355 3538; x_wconf 87' lang='lat' dir='ltr'>dictum</span> <span class='ocrx_word' id='word_1_360' title='bbox 371 3491 482 3556; x_wconf 80' lang='lat' dir='ltr'>turpe3</span> <span class='ocrx_word' id='word_1_361' title='bbox 505 3491 600 3554; x_wconf 88' lang='lat' dir='ltr'>quem</span> <span class='ocrx_word' id='word_1_362' title='bbox 619 3493 680 3535; x_wconf 89' lang='lat' dir='ltr'>uon</span> <span class='ocrx_word' id='word_1_363' title='bbox 701 3475 812 3557; x_wconf 91' lang='lat' dir='ltr'>puduit</span> <span class='ocrx_word' id='word_1_364' title='bbox 832 3471 945 3557; x_wconf 70' lang='lat' dir='ltr'>palam,</span> <span class='ocrx_word' id='word_1_365' title='bbox 961 3471 1049 3536; x_wconf 87' lang='lat' dir='ltr'>vobis</span> <span class='ocrx_word' id='word_1_366' title='bbox 1069 3474 1280 3550; x_wconf 87' lang='lat' dir='ltr'>audientibus,</span> <span class='ocrx_word' id='word_1_367' title='bbox 1301 3473 1418 3536; x_wconf 86' lang='lat' dir='ltr'>adulte·</span> 
     </span>
     <span class='ocr_line' id='line_1_38' title="bbox 235 3555 1420 3646; baseline -0.002 -22"><span class='ocrx_word' id='word_1_368' title='bbox 235 3563 328 3626; x_wconf 88' lang='lat' dir='ltr'>rium·</span> <span class='ocrx_word' id='word_1_369' title='bbox 341 3557 501 3624; x_wconf 74' lang='lat' dir='ltr'>confiteri?</span> <span class='ocrx_word' id='word_1_370' title='bbox 530 3555 630 3633; x_wconf 73' lang='lat' dir='ltr'>Quod</span> <span class='ocrx_word' id='word_1_371' title='bbox 655 3558 682 3624; x_wconf 84' lang='lat' dir='ltr'>si</span> <span class='ocrx_word' id='word_1_372' title='bbox 701 3559 778 3624; x_wconf 89' lang='lat' dir='ltr'>nihil</span> <span class='ocrx_word' id='word_1_373' title='bbox 801 3581 858 3644; x_wconf 88' lang='lat' dir='ltr'>pro</span> <span class='ocrx_word' id='word_1_374' title='bbox 880 3580 931 3646; x_wconf 81' lang='lat' dir='ltr'>me</span> <span class='ocrx_word' id='word_1_375' title='bbox 953 3560 1010 3622; x_wconf 89' lang='lat' dir='ltr'>tibi</span> <span class='ocrx_word' id='word_1_376' title='bbox 1032 3561 1220 3644; x_wconf 83' lang='lat' dir='ltr'>respondere</span> <span class='ocrx_word' id='word_1_377' title='bbox 1238 3560 1420 3640; x_wconf 70' lang='lat' dir='ltr'>voluissent,</span> 
     </span>
    </p>
   </div>
   <div class='ocr_carea' id='block_1_5' title="bbox 769 3767 886 3822">
    <p class='ocr_par' dir='ltr' id='par_1_5' title="bbox 769 3767 886 3822">
     <span class='ocr_line' id='line_1_39' title="bbox 769 3767 886 3822; baseline 0 0"><span class='ocrx_word' id='word_1_378' title='bbox 769 3767 886 3822; x_wconf 72' lang='lat' dir='ltr'>NO&#39;l&#39;AE.</span> 
     </span>
    </p>
   </div>
   <div class='ocr_carea' id='block_1_6' title="bbox 234 3935 1426 4394">
    <p class='ocr_par' dir='ltr' id='par_1_6' title="bbox 234 3935 1426 4074">
     <span class='ocr_line' id='line_1_40' title="bbox 235 3935 1426 4010; baseline 0.002 -18"><span class='ocrx_word' id='word_1_379' title='bbox 235 3935 819 4007; x_wconf 81' lang='lat' dir='ltr'>maculaterint,relinquere.Unorerbobene,</span> <span class='ocrx_word' id='word_1_380' title='bbox 874 3937 1426 4010; x_wconf 76' lang='lat' dir='ltr'>bPatiettda.]0bscoenissimaetflagitiu-</span> 
     </span>
     <span class='ocr_line' id='line_1_41' title="bbox 234 4003 1134 4074; baseline 0.001 -16"><span class='ocrx_word' id='word_1_381' title='bbox 234 4014 263 4059; x_wconf 88' lang='lat' dir='ltr'>et</span> <span class='ocrx_word' id='word_1_382' title='bbox 276 4003 350 4074; x_wconf 80' lang='lat' dir='ltr'>qndd</span> <span class='ocrx_word' id='word_1_383' title='bbox 368 4005 525 4060; x_wconf 84' lang='lat' dir='ltr'>laudandum</span> <span class='ocrx_word' id='word_1_384' title='bbox 538 4009 580 4068; x_wconf 89' lang='lat' dir='ltr'>sit,</span> <span class='ocrx_word' id='word_1_385' title='bbox 592 4008 687 4059; x_wconf 71' lang='lat' dir='ltr'>recisse</span> <span class='ocrx_word' id='word_1_386' title='bbox 701 4023 730 4058; x_wconf 87' lang='lat' dir='ltr'>se</span> <span class='ocrx_word' id='word_1_387' title='bbox 742 4007 820 4072; x_wconf 81' lang='lat' dir='ltr'>proli-</span> <span class='ocrx_word' id='word_1_388' title='bbox 840 4008 946 4060; x_wconf 85' lang='lat' dir='ltr'>sissima</span> <span class='ocrx_word' id='word_1_389' title='bbox 957 4010 1134 4074; x_wconf 88' lang='lat' dir='ltr'>reprehendit.</span> 
     </span>
    </p>

    <p class='ocr_par' dir='ltr' id='par_1_7' title="bbox 234 4071 1426 4272">
     <span class='ocr_line' id='line_1_42' title="bbox 234 4071 1425 4155; baseline -0.002 -29"><span class='ocrx_word' id='word_1_390' title='bbox 234 4083 307 4128; x_wconf 84' lang='lat' dir='ltr'>tetur</span> <span class='ocrx_word' id='word_1_391' title='bbox 319 4073 428 4132; x_wconf 75' lang='lat' dir='ltr'>Cicero,</span> <span class='ocrx_word' id='word_1_392' title='bbox 441 4071 501 4123; x_wconf 79' lang='lat' dir='ltr'>enm</span> <span class='ocrx_word' id='word_1_393' title='bbox 518 4076 585 4127; x_wconf 87' lang='lat' dir='ltr'>nulli</span> <span class='ocrx_word' id='word_1_394' title='bbox 604 4091 633 4126; x_wconf 88' lang='lat' dir='ltr'>se</span> <span class='ocrx_word' id='word_1_395' title='bbox 652 4074 690 4125; x_wconf 72' lang='lat' dir='ltr'>ita</span> <span class='ocrx_word' id='word_1_396' title='bbox 706 4075 819 4136; x_wconf 73' lang='lat' dir='ltr'>addixit,</span> <span class='ocrx_word' id='word_1_397' title='bbox 839 4104 841 4108; x_wconf 94' lang='lat'>-</span> <span class='ocrx_word' id='word_1_398' title='bbox 874 4077 956 4125; x_wconf 83' lang='lat' dir='ltr'>cPro</span> <span class='ocrx_word' id='word_1_399' title='bbox 968 4079 1063 4129; x_wconf 76' lang='lat' dir='ltr'>herede</span> <span class='ocrx_word' id='word_1_400' title='bbox 1078 4078 1186 4141; x_wconf 78' lang='lat' dir='ltr'>gesserit</span> <span class='ocrx_word' id='word_1_401' title='bbox 1201 4077 1301 4139; x_wconf 66' lang='lat' dir='ltr'>omniu]</span> <span class='ocrx_word' id='word_1_402' title='bbox 1321 4075 1353 4126; x_wconf 91' lang='lat' dir='ltr'>ld</span> <span class='ocrx_word' id='word_1_403' title='bbox 1372 4081 1425 4155; x_wconf 57' lang='lat' dir='ltr'>esp</span> 
     </span>
     <span class='ocr_line' id='line_1_43' title="bbox 234 4139 1426 4209; baseline 0 -18"><span class='ocrx_word' id='word_1_404' title='bbox 234 4143 309 4206; x_wconf 91' lang='lat' dir='ltr'>quin,</span> <span class='ocrx_word' id='word_1_405' title='bbox 322 4139 428 4189; x_wconf 87' lang='lat' dir='ltr'>virtutis</span> <span class='ocrx_word' id='word_1_406' title='bbox 445 4149 473 4188; x_wconf 88' lang='lat' dir='ltr'>et</span> <span class='ocrx_word' id='word_1_407' title='bbox 490 4141 641 4208; x_wconf 85' lang='lat' dir='ltr'>reipublicae</span> <span class='ocrx_word' id='word_1_408' title='bbox 653 4147 742 4198; x_wconf 67' lang='lat' dir='ltr'>cause,</span> <span class='ocrx_word' id='word_1_409' title='bbox 751 4141 821 4209; x_wconf 88' lang='lat' dir='ltr'>ejus·</span> <span class='ocrx_word' id='word_1_410' title='bbox 842 4145 913 4193; x_wconf 78' lang='lat' dir='ltr'>rebus</span> <span class='ocrx_word' id='word_1_411' title='bbox 924 4143 1081 4194; x_wconf 75' lang='lat' dir='ltr'>hereditariis</span> <span class='ocrx_word' id='word_1_412' title='bbox 1098 4146 1213 4204; x_wconf 77' lang='lat' dir='ltr'>omnibm,</span> <span class='ocrx_word' id='word_1_413' title='bbox 1225 4143 1343 4209; x_wconf 77' lang='lat' dir='ltr'>tditquam</span> <span class='ocrx_word' id='word_1_414' title='bbox 1354 4146 1426 4193; x_wconf 80' lang='lat' dir='ltr'>dem·</span> 
     </span>
     <span class='ocr_line' id='line_1_44' title="bbox 235 4205 1265 4272; baseline 0.003 -14"><span class='ocrx_word' id='word_1_415' title='bbox 235 4211 296 4269; x_wconf 75' lang='lat' dir='ltr'>dem</span> <span class='ocrx_word' id='word_1_416' title='bbox 309 4205 488 4256; x_wconf 82' lang='lat' dir='ltr'>adversarium</span> <span class='ocrx_word' id='word_1_417' title='bbox 501 4219 664 4272; x_wconf 85' lang='lat' dir='ltr'>sequeretur.</span> <span class='ocrx_word' id='word_1_418' title='bbox 842 4226 887 4258; x_wconf 80' lang='lat' dir='ltr'>nus</span> <span class='ocrx_word' id='word_1_419' title='bbox 899 4225 958 4258; x_wconf 83' lang='lat' dir='ltr'>urus</span> <span class='ocrx_word' id='word_1_420' title='bbox 970 4215 1009 4260; x_wconf 81' lang='lat' dir='ltr'>sit.</span> <span class='ocrx_word' id='word_1_421' title='bbox 1028 4245 1029 4250; x_wconf 50' lang='lat'><em>=</em></span> <span class='ocrx_word' id='word_1_422' title='bbox 1264 4227 1265 4230; x_wconf 48' lang='lat'>¹</span> 
     </span>
    </p>

    <p class='ocr_par' dir='ltr' id='par_1_8' title="bbox 236 4268 1225 4390">
     <span class='ocr_line' id='line_1_45' title="bbox 236 4268 1225 4390; baseline 0.01 -70"><span class='ocrx_word' id='word_1_423' title='bbox 236 4341 245 4388; x_wconf 56' lang='grc' dir='ltr'><em>ι</em></span> <span class='ocrx_word' id='word_1_424' title='bbox 269 4272 452 4390; x_wconf 46' lang='lat' dir='ltr'>saffiacense]</span> <span class='ocrx_word' id='word_1_425' title='bbox 476 4268 574 4341; x_wconf 68' lang='lat' dir='ltr'>Criniti</span> <span class='ocrx_word' id='word_1_426' title='bbox 589 4285 617 4326; x_wconf 84' lang='lat' dir='ltr'>tu</span> <span class='ocrx_word' id='word_1_427' title='bbox 627 4278 738 4342; x_wconf 75' lang='lat' dir='ltr'>aitupret</span> <span class='ocrx_word' id='word_1_428' title='bbox 755 4277 823 4340; x_wconf 72' lang='lat' dir='ltr'>quad</span> <span class='ocrx_word' id='word_1_429' title='bbox 874 4276 941 4330; x_wconf 71' lang='lat' dir='ltr'>uae</span> <span class='ocrx_word' id='word_1_430' title='bbox 951 4275 1163 4342; x_wconf 62' lang='lat' dir='ltr'>decemtribuum</span> <span class='ocrx_word' id='word_1_431' title='bbox 1174 4284 1225 4332; x_wconf 82' lang='lat' dir='ltr'>cst.</span> 
     </span>
    </p>

    <p class='ocr_par' dir='ltr' id='par_1_9' title="bbox 244 4343 966 4394">
     <span class='ocr_line' id='line_1_46' title="bbox 244 4343 966 4394; baseline -0.007 0"><span class='ocrx_word' id='word_1_432' title='bbox 244 4354 297 4394; x_wconf 50' lang='lat' dir='ltr'>ttu¹</span> <span class='ocrx_word' id='word_1_433' title='bbox 332 4343 421 4392; x_wconf 79' lang='lat' dir='ltr'>utitur.</span> <span class='ocrx_word' id='word_1_434' title='bbox 825 4391 826 4394; x_wconf 65' lang='grc'>,</span> <span class='ocrx_word' id='word_1_435' title='bbox 964 4355 966 4360; x_wconf 96' lang='grc'><strong><em>·</em></strong></span> 
     </span>
    </p>
   </div>
   <div class='ocr_carea' id='block_1_7' title="bbox 0 0 1522 5054">
    <p class='ocr_par' dir='ltr' id='par_1_10' title="bbox 0 0 1522 5054">
     <span class='ocr_line' id='line_1_47' title="bbox 0 0 1522 5054; baseline 0 0"><span class='ocrx_word' id='word_1_436' title='bbox 0 0 1522 5054; x_wconf 95' lang='lat' dir='ltr'> </span> 
     </span>
    </p>
   </div>
  </div>
 </body>
</html>
