3034 5060
419 331 624 402 BELLUM
647 328 1023 420 JUGURTHINUM.
1176 423 1179 428 Ι
1275 345 1320 405 99

120 535 269 600 sperans,
289 509 438 578 ²diducti
453 535 551 580 manu
564 513 717 591 bostium,
732 527 785 578 aut
799 514 832 577 vi
849 529 903 580 aut
916 513 996 579 dolis
1012 533 1081 576 sese
1104 515 1232 580 ¹casum
1247 513 1315 578 vic·

118 605 217 665 toriae
231 603 450 674 inventurum
467 603 555 685 quod
570 599 624 663 ubi
639 621 729 662 secus
743 602 897 684 procedit,
906 623 1019 684 neque,
1031 600 1118 684 quod
1131 601 1317 678 intenderat,

122 685 249 752 efficere
271 699 383 770 potest,
399 683 460 761 uti,
475 686 566 772 prius
582 682 675 769 quim
691 687 811 768 legatos
832 687 1022 764 conveniret,
1038 686 1220 750 Atherbalis
1236 687 1316 770 poti·

119 791 234 848 retur;
250 795 288 835 ne
302 771 440 856 amplius
452 772 604 836 morando
620 772 784 849 Scaurum,
796 793 890 854 quem
906 774 1076 856 plurimum
1091 773 1262 850 metuebat,
1270 773 1317 836 in·

119 863 283 935 conderet,
294 879 369 922 cum
385 859 494 941 paucis
509 859 667 940 equitibus
684 860 715 919 in
731 859 925 940 provinciam
943 859 1040 922 venit.
1065 859 1113 922 At
1128 859 1253 922 tametsi
1269 879 1318 922 se·

116 961 215 1008 natus
232 945 360 1020 'verbis
372 943 465 1006 ininae
478 963 590 1028 graves
605 943 840 1023 nunciabantur,
853 943 942 1028 quod
958 947 996 1008 ab
1009 945 1240 1028 oppugnatione
1257 965 1319 1008 non

115 1029 420 1095 desisterettmulta
429 1043 533 1093 tamen
544 1031 685 1093 oratione
695 1035 891 1114 consumpti,
900 1030 995 1114 legati
1005 1028 1120 1094 frustri
1128 1031 1317 1094 discessere.
1394 1045 1398 1054 '

118 1115 174 1180 Ea
184 1133 355 1202 ,postquam
365 1114 461 1201 Cirtae
471 1115 672 1190 aedituum,
683 1114 796 1192 Italici,
808 1137 944 1198 qnorum
958 1115 1073 1179 virtute
1086 1119 1196 1180 moenia
1207 1116 1318 1182 defen·

115 1203 284 1279 sabantnr,
293 1200 583 1278 confisi,deditione
596 1200 689 1275 facti,
700 1213 828 1283 propter
839 1203 1089 1286 magnitudinem
1100 1204 1208 1286 populi
1219 1203 1259 1266 R.
1271 1203 1318 1267 in·

114 1289 258 1352 violatos
266 1309 336 1349 sese
346 1286 425 1362 fore,
438 1285 617 1361 Atherbali,
626 1283 824 1362 suadent,uti
836 1309 945 1369 seque,
954 1301 986 1350 et
997 1287 1319 1370 oppidumJugurtbte

108 1375 240 1450 tradat,
248 1371 372 1436 tantiam
385 1373 424 1433 ab
438 1393 477 1434 eo
493 1372 590 1435 vitam
605 1371 798 1454 paciscatur3
814 1373 855 1434 de
869 1373 991 1436 caeteris
1005 1375 1126 1435 senatui
1144 1395 1226 1438 curte
1239 1376 1318 1438 fore.

28 1461 33 1474 “
117 1459 175 1523 At
189 1459 252 1532 ille,
267 1458 394 1522 tametsi
411 1457 518 1520 omnia
539 1457 662 1540 potiora
679 1455 923 1540 lideJugurthae
944 1459 1091 1533 rebatur3
1113 1473 1230 1534 tames,
1246 1462 1321 1542 quia

114 1543 222 1630 penis
237 1543 403 1623 ¹'eosd'em,
414 1543 443 1606 si
453 1543 685 1620 adversaretur,
693 1545 825 1624 cogendi
837 1559 974 1628 potestas
986 1559 1051 1608 erat
1062 1571 1071 1618 ;
1088 1545 1142 1622 ita,
1152 1543 1198 1606 ιιιὶ
1210 1565 1320 1610 censu·
1406 1623 1409 1630 ἢ
1510 1551 1511 1594 t

114 1646 210 1694 eram
224 1629 338 1707 Italici,
349 1629 544 1693 deditionem
561 1627 645 1692 fecit.
694 1628 799 1710 Igitur
811 1629 970 1714 Jugurtha
986 1630 1018 1693 in
1034 1631 1145 1714 primis
1160 1629 1334 1694 Atherba-

113 1717 184 1779 lem
200 1719 438 1779 ²excruciatum
450 1729 560 1786 necat;
585 1715 660 1777 dein
674 1735 785 1777 omnes
798 1718 931 1798 puberes
944 1716 979 1778 N
981 1717 1118 1794 umidas,
1133 1731 1227 1799 atque
1243 1725 1319 1780 ‘ne-

6 1823 8 1852 2
26 1865 29 1872 ,
113 1802 293 1883 gotiatores
309 1797 501 1884 promiscui,
513 1797 560 1862 uti
582 1801 715 1880 quisque
734 1794 862 1864 aimatis
882 1801 996 1886 obvius
1012 1801 1124 1878 luerat,
1140 1802 1318 1867 interfecit:

6 1915 8 1930 ι
76 1901 77 1904 ’
120 1887 227 1962 Quod
238 1902 405 1970 postquam
419 1885 530 1961 Rotnae¹
546 1885 706 1966 cognitum
724 1900 782 1961 est,
792 1901 823 1946 et
838 1907 888 1948 ren
904 1887 935 1947 in
951 1903 1061 1948 senatu
1071 1890 1183 1969 agitari
1199 1905 1319 1972 coepta3

115 1973 223 2048 iidem
239 1970 284 2035 illi
305 1970 468 2033 dministri
483 1970 568 2053 regis
590 1969 849 2052 ‘interpellandm
867 1993 903 2033 ac
926 1991 1007 2052 saepe
1029 1973 1138 2054 gratini,
1158 1974 1321 2038 interdum
1346 2009 1349 2016 ·

111 2057 237 2141 jurgiis
262 2054 434 2121 strabendo
460 2069 596 2138 tempus,
619 2055 814 2118 atrocitatem
837 2053 912 2118 facti
934 2051 1101 2121 lenieban't.
1148 2057 1253 2121 Aeni
1279 2061 1320 2122 C.

114 2155 133 2194 ὅ
146 2143 341 2220 Memmius,
358 2143 502 2207 tribunus
515 2142 598 2222 pleb.
611 2141 805 2229 designatus,
820 2142 871 2204 vir
886 2163 968 2218 acer,
984 2155 1016 2206 et
1028 2143 1160 2208 iniectus
1176 2145 1323 2225 potentiae

115 2229 305 2307 nobilitatis,
320 2228 472 2314 populum
497 2225 538 2288 R.
556 2227 735 2290 edocuisset
756 2229 789 2290 id
812 2231 875 2312 agi,
891 2225 938 2290 uti
962 2249 1018 2311 per
1039 2250 1155 2312 paucos
1172 2229 1322 2294 factiosos

19 2337 37 2350 ·
114 2317 288 2400 Jugurtbae
304 2315 407 2378 scelus
421 2313 664 2390 condonaretur,
680 2313 822 2396 profecti
840 2313 942 2376 omnis
957 2315 1089 2392 invidia,
1106 2316 1321 2398 ⁴prolatandis

55 2400 58 2408 '
117 2401 411 2474 consultationibus,
436 2400 558 2481 dilapsa
580 2398 673 2460 foret.
718 2397 820 2460 Tanta
843 2399 892 2462 vis
915 2400 1036 2480 gratiae,
1061 2415 1155 2484 atque
1179 2404 1321 2485 pecuniae

118 2487 206 2572 regis
222 2501 300 2550 erat.
344 2485 409 2550 Sed
425 2485 479 2551 ubi
495 2498 622 2548 senatus
638 2484 746 2548 delicti
763 2485 951 2548 conscientiis
965 2488 1117 2572 populum
1133 2489 1236 2566 timet,
1248 2487 1321 2574 lege
1376 2481 1382 2496 ’

1325 2588 1336 2616 6

565 2634 869 2686 INTERPRETATIO.

163 2741 175 2776 ¹
190 2727 326 2823 Sperans
341 2759 406 2802 sese
417 2739 613 2802 inuenturum
625 2757 695 2800 occa
776 2737 788 2772 ³
801 2735 971 2822 Jugurtllo
974 2734 1077 2818 primi
1089 2736 1199 2798 occidit
1208 2734 1320 2798 Atier·

118 2825 235 2891 sionem
245 2827 384 2888 victorie
399 2825 600 2908 reportando.
733 2821 837 2899 belem,
858 2835 1023 2908 postquam
1045 2844 1111 2886 curn
1133 2823 1320 2886 cruciatibus

99 2959 102 2967 .
156 2909 175 2947 '²
196 2911 250 2989 At,
275 2913 413 2994 quamuis
436 2912 525 2970 minet
542 2927 659 2992 graues
687 2907 707 2970 d
733 2909 909 2996 affliximet.

115 2997 232 3078 legatis
250 2998 371 3058 nomine
381 2996 507 3059 senatis
523 2995 709 3058 nunciabant·
774 2999 787 3032 ⁴
812 2991 955 3079 Profecti
982 3015 1069 3058 omne
1093 2995 1206 3070 odium,
1231 2993 1321 3076 quod

118 3095 186 3155 tur,
208 3079 290 3166 quid
307 3082 346 3142 ob
367 3082 594 3164 oppugnatione
616 3081 711 3144 Cirtoe
732 3080 1141 3164 contraJugurtbaescelera
1153 3100 1321 3146 accensum

115 3188 182 3230 nort
198 3169 368 3244 desisteret,
386 3180 496 3240 tomen,
516 3167 620 3230 multis
642 3187 707 3228 ser·
731 3179 807 3242 erat,
823 3169 990 3228 extinctum
993 3165 1086 3252 soret
1099 3163 1268 3256 dffrettdo
1284 3163 1321 3230 dc

6 3283 8 3300 ι
111 3254 257 3336 'monibus
278 3250 458 3336 absumptis,
478 3253 584 3336 legati,
602 3274 636 3316 re
658 3254 706 3318 in·
731 3253 935 3320 liberationes.

6 3363 8 3386 =
108 3339 213 3428 ficti,
230 3341 448 3404 discesserunt.

658 3480 777 3530 NOTAE.

152 3603 169 3638 a
182 3584 322 3651 Didoni]
342 3589 457 3642 Facilius
468 3593 511 3642 est
520 3588 590 3639 enim
603 3587 708 3642 hostem
734 3586 905 3656 ingerebant:
918 3587 965 3639 sed
975 3588 1054 3639 etiam
1063 3601 1156 3644 eorum
1163 3587 1320 3648 orationem,

116 3656 145 3707 itt
157 3655 265 3706 diversa
277 3663 390 3708 tractum
408 3664 437 3708 et
454 3655 519 3706 alibi
530 3648 708 3708 'resistentem
733 3671 801 3724 quos
816 3651 902 3706 minius
914 3659 929 3706 J
932 3657 1053 3722 ugurtha
1065 3654 1152 3704 favere
1170 3655 1321 3713 crederent,

117 3736 253 3788 superare.
505 3736 509 3748 ·
734 3721 953 3779 inter-turbabant.
988 3721 1110 3772 Plurimae
1126 3723 1323 3783 sunttrica,et

153 3785 311 3853 onsdem]
325 3789 432 3840 Italicos
443 3789 623 3855 negotiatores
636 3789 710 3839 scili·
733 3791 854 3856 nequitiae
871 3790 968 3855 quibus
983 3788 1090 3858 judicio
1106 3787 1190 3846 solent
1209 3787 1320 3840 differre

118 3864 172 3917 cet,
184 3873 252 3924 quos
263 3857 394 3906 Atherbal
406 3857 440 3907 ad
453 3857 481 3908 id
494 3872 589 3924 cogere
600 3873 656 3908 non.
664 3871 709 3921 po·
730 3859 909 3915 cavillatores,

117 3931 196 3984 terat,
208 3931 241 3975 ut
252 3921 359 3982 diutius
372 3923 426 3974 vim
440 3925 580 3992 iugurthae
595 3925 709 3976 sustine·
764 3924 779 3974 f
793 3922 949 3987 Trahendi]
972 3926 1002 3972 In
1019 3939 1052 3974 eo
1069 3925 1213 3989 praesertim
1231 3919 1322 3986 posita

119 3997 187 4040 rent.
730 3999 774 4041 est
786 3987 886 4043 astuitia
899 3990 1108 4042 causidicorum:
1122 3991 1236 4042 assuetis
1250 3988 1321 4036 enim

154 4071 173 4105 c·
187 4055 391 4124 allegoriarum]
413 4059 487 4122 Quos
503 4054 583 4128 supri
601 4063 707 4126 togatos
732 4057 870 4109 minimum
888 4073 1032 4118 movemur,
1046 4069 1125 4124 atque
1139 4055 1261 4108 omnibus
1280 4067 1321 4104 re·

120 4121 266 4190 appellavit.
334 4148 339 4156 ·
733 4127 792 4188 bus,
803 4141 863 4176 etim
873 4135 991 4190 tempore
1005 4127 1191 4176 assuescimus.
1357 4131 1367 4151 ’-

155 4188 319 4258 diuitem]
331 4178 463 4243 Romanos
473 4191 602 4260 intelligit
611 4195 707 4260 Jugtu·
766 4193 953 4260 galemanius]
978 4195 1053 4244 Hune
1071 4191 1237 4242 saturninus,
1257 4181 1373 4236 einh*
1405 4229 1407 4234 ,
1463 4221 1469 4252 ,
1510 4161 1511 4218 i

120 4256 174 4304 thae
187 4259 296 4322 pecunia
307 4267 457 4326 eor-ruptos.
732 4261 892 4312 consulatim
910 4268 1024 4326 peteret,
1039 4254 1323 4324 interficiendum‘jus·
1355 4255 1357 4262 '

125 4355 128 4360 -
153 4325 389 4390 emmellinae]
405 4329 464 4378 Non
477 4325 558 4378 mndd
573 4341 707 4378 sermones
733 4329 775 4382 sit.

83 4439 86 4446 ,
121 4387 154 4444 de
167 4389 227 4443 allis
239 4391 318 4444 rebus
332 4391 477 4462 jaciebant,
489 4403 535 4450 aut
549 4409 628 4469 casus
640 4394 706 4446 alios
