3028 5056
205 379 266 442 tat
667 358 919 432 saeuustrr

203 543 325 628 equitet
341 561 408 606 rem
424 535 679 628 exploravissent.
725 540 827 623 Igitur
841 559 899 622 pro
916 540 1142 626 meturspente
1160 540 1313 624 gaudium
1328 557 1385 602 ex·

202 647 324 694 ortum:
349 629 462 692 milites
482 629 560 690 alius
583 628 677 688 alium
701 627 761 688 laeti
782 628 953 710 appellant:
978 641 1043 689 acta
1058 631 1199 703 edocent,
1215 643 1310 710 atque
1331 647 1384 689 au-

202 715 311 778 diunt:
336 737 391 778 sua
407 716 539 798 quisque
556 713 647 774 fortia
662 712 744 773 facta
761 713 802 772 ad
825 714 932 774 coelum
950 710 1021 773 fert.
1066 713 1188 796 Quippe
1206 735 1256 775 res
1273 714 1384 774 huma·

201 817 251 863 nae
262 802 307 863 ita
318 821 385 863 sese
399 800 528 861 habent:
546 799 576 860 in
588 799 719 860 victoria
734 799 784 858 vel
800 799 920 880 ignavis
931 797 1057 880 gloriari
1072 801 1161 860 licet:
1178 801 1318 860 adversae
1334 815 1385 858 res

201 885 298 948 etiarn
309 887 405 948 bonus
421 887 623 947 ldetrectant:
669 883 821 945 Metellus
837 885 869 944 in
885 883 999 944 iisdem
1014 883 1123 944 castris
1134 886 1302 964 quatriduo
1315 903 1385 945 mo·

199 985 299 1048 ratus,
325 972 446 1033 saucios
469 991 539 1032 cum
563 972 635 1031 curti
657 969 775 1032 reficit:
804 969 932 1030 meritos
955 970 987 1029 in
1013 969 1126 1051 proeliis
1153 989 1235 1031 more
1263 971 1387 1031 militiae

199 1059 336 1120 ⁸d0nat2
360 1057 524 1120 universos
540 1057 572 1116 iu
587 1057 735 1116 concione
753 1056 870 1130 laudat,
886 1068 978 1135 atque
995 1055 1060 1136 agit
1077 1053 1208 1134 gratias:
1230 1055 1388 1130 bortatur,

193 1143 241 1210 'ad
261 1157 371 1210 catera
387 1163 453 1223 qua
469 1138 550 1206 levia
566 1155 649 1214 sunt,
663 1159 768 1221 parem
786 1141 925 1202 animum
944 1155 1070 1220 gerant:
1094 1159 1150 1222 pro
1165 1139 1290 1202 victoria
1305 1136 1387 1202 satis

196 1229 264 1352 pam
288 1243 471 1310 pugnatum,
492 1227 630 1308 reliquos
653 1227 773 1288 labores
794 1247 850 1306 pro
872 1228 974 1308 praeda
995 1225 1072 1285 fore.
1117 1225 1238 1288 Tamen
1259 1227 1388 1289 interim

196 1381 198 1388 ¹
221 1313 406 1394 transfugas,
422 1327 453 1374 et
475 1313 552 1373 alios
575 1329 775 1394 opportunos,
796 1313 973 1392 ²Jugurtha
993 1305 1046 1372 ubi
1068 1310 1220 1392 gentium,
1236 1325 1290 1372 aut
1308 1311 1387 1392 quid

196 1399 341 1480 agitaret,
357 1419 428 1462 uum
445 1397 593 1480 paucisne
612 1411 704 1474 esset,
720 1419 757 1457 an
780 1400 952 1458 exercitum
977 1397 1114 1470 haberet,
1130 1393 1178 1458 uti
1197 1415 1267 1457 sese
1285 1397 1386 1458 victut

197 1500 332 1566 gereret,
348 1486 543 1566 exploratum
563 1484 657 1545 misit.
703 1482 751 1544 At
772 1483 822 1542 ille
842 1503 910 1543 sese
932 1483 963 1542 in
980 1484 1047 1543 loca
1065 1483 1211 1557 saltuosa,
1227 1497 1259 1544 et
1278 1481 1386 1544 natbrd

196 1567 320 1630 inunita
335 1584 513 1650 receperat;
538 1568 643 1650 ibique
658 1570 787 1650 cogebat
803 1569 975 1629 exercitum
992 1587 1124 1630 numero
1138 1567 1301 1628 hominum
1320 1573 1384 1628 aui-

219 1653 342 1727 liorem,
358 1657 414 1715 sed
436 1653 615 1730 chabetem,
630 1653 865 1732 infirmumque,
880 1655 947 1735 agri
963 1672 998 1713 ac
1018 1653 1140 1734 peeoris
1161 1649 1272 1735 magis,
1288 1651 1384 1735 quim

196 1669 281 1816 delli,
295 1741 457 1801 cultorem.
504 1739 542 1799 Id
563 1741 599 1798 ei
614 1740 712 1820 gratia
728 1739 900 1816 eveniebat,
916 1737 1003 1820 qubd
1016 1753 1127 1819 praeter
1143 1739 1265 1820 equites
1280 1739 1384 1820 regios

194 1842 289 1888 nemo
305 1825 444 1886 omnium
463 1819 677 1886 Numidarum
693 1845 733 1884 ex
749 1823 822 1904 fuga
839 1843 946 1906 regem
961 1825 1113 1906 sequitur.¹
1138 1822 1215 1896 Quo
1230 1825 1382 1908 cujusque

193 1911 320 1973 animus
336 1909 407 1982 fert,
419 1909 458 1972 eb
474 1909 652 1976 discedunt.
677 1910 793 1989 Neque
810 1911 843 1971 id
858 1909 1012 1990 flagitium
1029 1909 1146 1972 militiae
1159 1912 1301 1972 ducitur:
1318 1907 1385 1972 ‘lita

194 2017 229 2060 se
242 2017 344 2058 mores
358 1995 481 2058 habent.
507 1995 837 2076 igiturMetelluaubi
846 1995 933 2056 videt
943 1994 1036 2055 etiam
1048 2003 1060 2030 ⁰
1072 2010 1138 2056 turn
1151 1997 1234 2078 regis
1245 1995 1384 2079 animum

194 2080 335 2144 ferocem
347 2103 435 2142 esse:
452 2081 568 2141 bellum
583 2081 737 2152 renovari,
754 2081 839 2160 quod
851 2079 910 2142 nisi
923 2101 963 2141 ex
975 2079 1059 2140 illius
1070 2081 1210 2142 lubidine
1225 2079 1307 2162 fgeri
1321 2101 1383 2143 non

193 2182 315 2252 posset:
327 2182 473 2250 praterea
484 2175 498 2212 ⁸
506 2165 647 2246 iniquum
661 2181 816 2228 certarnen
829 2166 888 2226 sibi
898 2185 970 2226 cum
983 2164 1140 2228 hostibus:
1152 2167 1273 2230 minore
1286 2168 1382 2228 detri-

192 2270 301 2314 mento
317 2253 385 2313 illos
402 2251 484 2312 vinci
498 2248 591 2330 quim
609 2271 682 2312 suos
698 2251 841 2312 vincere:
859 2251 967 2312 statuit
978 2271 1039 2312 non
1052 2251 1177 2332 proeliis,
1189 2273 1290 2333 neque
1306 2253 1383 2329 asie,

180 2365 182 2370 ’
193 2339 251 2400 sed
263 2339 324 2400 alio
336 2357 434 2412 more,
446 2337 563 2402 bellurn
577 2338 761 2418 gerendum.
786 2337 898 2418 Itaque
910 2338 940 2397 in
955 2337 1023 2398 loca
1037 2337 1202 2400 Numidiae
1213 2339 1383 2421 opulentis·

193 2423 275 2485 sima
290 2422 409 2505 pergit:
427 2441 518 2504 agros
533 2436 651 2484 vastat:
669 2424 766 2482 multa
779 2423 915 2498 castella,
928 2437 960 2482 et
973 2423 1099 2504 oppida,
1114 2422 1233 2485 temerii
1251 2424 1381 2501 munita,

193 2523 248 2570 aut
269 2511 335 2569 sine
356 2507 513 2590 praesidio,
533 2508 626 2588 capit,
640 2509 861 2588 incenditque:
885 2510 1018 2590 puberes
1039 2509 1170 2570 interfici
1188 2509 1299 2593 jubet:
1325 2509 1382 2572 alia

192 2593 300 2660 omnia
314 2594 449 2658 militum
466 2593 601 2674 praedam
616 2613 695 2657 esse.
720 2592 767 2652 Ed
780 2594 947 2654 formidine
963 2593 1054 2656 multi
1067 2595 1212 2656 mortales
1229 2595 1380 2657 Romanis

192 2679 294 2770 dediti
309 2677 472 2748 lobsides:
487 2678 691 2756 frumentum,
700 2693 731 2739 et
743 2678 813 2754 elia,
823 2699 891 2758 quae
904 2681 974 2742 usui
985 2675 1097 2756 iurent,
1107 2680 1222 2747 affatim
1234 2682 1378 2764 praebitat

640 2850 938 2908 INTERPRETATIO.

181 3013 182 3016 ’
233 3004 255 3052 ¹·
273 3005 336 3068 Res
356 3003 492 3066 aduersu
517 3006 608 3072 etiam
630 3003 774 3070 bonorum
795 3017 912 3087 ageret,
923 3017 977 3066 aut
987 3005 1064 3090 quid
1070 3006 1217 3088 agitaret,
1227 3028 1295 3070 eum
1301 3020 1376 3090 pau.-

158 3165 161 3172 ‚
191 3089 444 3162 existimationem
459 3092 584 3151 violant.
797 3093 881 3154 cirne
897 3103 984 3162 esset,
1005 3112 1045 3151 on
1065 3085 1229 3154 exereitum
1247 3094 1378 3165 liaberet,

233 3175 246 3218 :²
267 3175 380 3236 Tamen
394 3175 518 3236 interim
535 3175 679 3236 Metellus
692 3175 776 3236 misit
797 3177 939 3259 qzramoclo
957 3197 990 3238 ee
1005 3189 1131 3260 gereret
1139 3189 1304 3262 postquam
1319 3181 1377 3250 aic-

191 3257 376 3341 trunssugue
391 3271 422 3318 et¹
434 3261 511 3320 ulios
527 3271 710 3341 opportunas
724 3282 774 3322 ex·
799 3273 847 3326 tus
865 3274 952 3323 earet.
993 3276 999 3287 ⁴

183 3345 351 3437 ploratum,
372 3344 423 3406 obi
443 3346 585 3428 gentium
605 3344 775 3428 Jugurtta

726 3535 842 3584 NO'l'AE.

179 3683 239 3800 'ida
246 3673 363 3786 elnlplrrcrril
377 3674 495 3734 Coronis,
509 3676 631 3742 armillis,
642 3676 733 3739 hastis,
745 3686 774 3728 et
796 3681 838 3729 vis
853 3689 895 3731 est
912 3688 992 3742 tanta,
1005 3690 1036 3734 ut
1053 3698 1102 3748 pro
1120 3684 1204 3734 altera
1223 3685 1281 3752 lege
1298 3701 1380 3742 suma-

299 3755 336 3786 sa
349 3757 364 3786 u
383 3776 388 3787 .
506 3763 515 3783 ι

123 3799 124 3803 ’
191 3851 195 3860 ,
224 3751 430 3868 {Transfugae}
452 3807 537 3858 Valde
551 3809 593 3858 ille
607 3815 668 3860 sunl
681 3825 773 3874 oppon·
796 3754 935 3876 midam]
953 3817 1094 3882 Postquam
1108 3817 1265 3884 profligatus
1277 3819 1378 3870 fuisset.

135 3870 144 3893 ⁶
187 3870 771 3940 tuni,quiamaxlmdfidelesesseeoguutur:
828 3878 942 3944 sciere]
967 3883 1013 3934 llle
1035 3887 1101 3933 enim
1122 3885 1201 3950 sylvis
1218 3895 1247 3937 et
1264 3886 1377 3936 desertis
1475 3885 1495 3958 'p

187 3935 295 4011 interlin
310 3935 449 3984 videndum
461 3953 492 3987 ne
503 3941 536 3990 iis
546 3941 614 3990 dolis
627 3943 771 4006 capiamur,
795 3946 858 3995 locis
869 3948 929 4008 pelli
945 3965 993 3996 non
1005 3959 1119 4012 poterat.

187 4017 254 4068 quos
267 4017 291 4049 ru
304 4002 392 4062 hostes
404 4017 494 4064 parare
507 4007 637 4056 ridentur.
826 4029 845 4078 g
858 4017 989 4076 Iniquum]
1001 4019 1097 4066 Multis
1108 4019 1141 4068 de
1152 4019 1239 4070 causis
1248 4019 1377 4076 taleerat;

221 4068 377 4129 clichone]
400 4070 487 4122 Hebes
500 4073 597 4124 dieitur·
609 4073 685 4140 eujus
696 4075 769 4126 obtu-
793 4093 850 4127 nam
866 4081 1002 4145 ungunta
1020 4083 1079 4133 loca
1095 4095 1248 4148 perspecta;
1268 4087 1317 4135 nisi
1334 4083 1378 4150 bp-

186 4135 357 4210 eaestacies,
385 4137 437 4211 lire
448 4135 535 4212 itaque
548 4142 681 4191 exercitus
695 4143 768 4191 iutel·
792 4156 903 4206 portuno
927 4156 1094 4208 usserit,1tun
1116 4153 1263 4218 pugnabat:
1282 4154 1376 4214 victus,

186 4199 282 4263 ligitur
294 4202 327 4251 ad
341 4202 403 4264 belli
414 4214 502 4263 munia
513 4206 624 4270 ineptus.
643 4210 770 4272 Ilergetes
793 4212 872 4261 aciem
887 4217 1158 4281 instaurareputerat;
1174 4221 1221 4270 &o
1252 4217 1314 4270 Haec
1324 4235 1377 4268 om-

187 4269 359 4344 pelagoniae.
794 4279 834 4326 nia
847 4283 958 4330 Metello
970 4275 1034 4330 a'dre
1040 4301 1080 4332 rsa
1094 4295 1176 4334 eraut.

219 4331 317 4406 alliu]
336 4335 372 4382 Ira
384 4334 525 4411 respondet
535 4338 580 4404 qui
593 4353 696 4402 pravam
709 4355 768 4390 eou-
825 4345 841 4393 h
858 4347 982 4412 Obsides]
997 4353 1043 4412 Ut,
1053 4351 1165 4414 scilicet,
1178 4351 1313 4404 decorum
1324 4349 1375 4424 litia

108 4465 114 4471 ἱ
187 4397 354 4464 suetudinem
365 4402 535 4478 narrabuntun
569 4405 767 4472 Ejusnimirum
793 4413 858 4462 certi
871 4424 968 4476 essent.
1035 4413 1038 4416 ’
1180 4407 1202 4416 M
1301 4410 1308 4430 ³
1327 4405 1338 4416 Η
1365 4435 1367 4440 ·

160 4675 251 4798 ‘ms

1493 4385 1498 4480 l

1394 4493 1402 4506 ’
1492 4497 1498 4717 l

1491 4759 1498 5036 l
