3034 5060
385 273 984 361 nannum-Jucuarruuuu.
1238 289 1298 364 rer

115 455 215 538 plion
232 451 346 538 quippe
356 449 538 527 uictoribus,
549 449 759 522 etadversum
775 471 840 528 eos,
852 447 1028 536 quossepd
1040 451 1187 521 vicerant.
1211 455 1297 520 lute-

114 543 176 602 rim
198 541 329 621 equites,
343 539 540 621 exploratum
559 535 871 618 praemiseramus
890 552 966 614 erat,
981 537 1119 619 quietam
1140 541 1295 605 nunciant.

115 625 227 688 Volux
246 624 412 690 adveniens
426 639 613 704 quaestorem
627 622 796 704 ¹appcllat;
818 645 851 684 se
870 619 988 706 sipartc
1006 623 1133 688 lioccho
1154 627 1298 690 ²obviaut

115 712 181 772 illis
199 711 303 786 simul,
316 725 348 770 et
367 709 525 791 praesidio,
540 709 682 770 missum.
727 707 812 770 Dein
830 728 904 774 cum
925 709 1102 790 proximum
1120 711 1217 787 diem,
1232 712 1298 774 sine

115 795 385 878 metucanjuncti
406 807 491 856 eunt
537 792 624 872 Post,
638 792 692 856 ubi
715 809 815 856 castre
836 793 946 869 locata,
961 811 996 856 ut
1010 795 1074 858 diei
1090 817 1202 880 vesper
1221 813 1298 874 erat,

115 877 242 965 repente
265 875 279 918 ¹³
288 879 439 966 Maurus,
453 877 571 940 incerto
587 879 686 957 vultu,
702 899 828 962 pareus,
844 881 884 942 ad
901 877 1018 942 Sullam
1035 883 1184 956 accurrit;
1207 883 1299 946 dicit·

115 987 177 1049 quc
192 966 252 1028 sibi
263 985 305 1028 ex
320 964 563 1047 speculatoribus
579 965 738 1048 cognitum
750 965 939 1048 Jugurtham
953 965 1036 1028 haud
1049 968 1156 1046 procul
1170 968 1299 1034 abeas&

114 1051 219 1127 simul,
236 1047 284 1113 uti
300 1064 395 1112 noctu
409 1045 489 1112 claim
504 1069 612 1114 secum
627 1048 818 1132 profugerat,
833 1066 922 1132 rogat
936 1067 1031 1132 atque
1046 1051 1195 1116 hortatur.
1240 1053 1300 1116 Ille

113 1138 219 1203 animo
236 1135 334 1198 feroci
350 1151 443 1218 negat
454 1156 488 1198 se
498 1135 597 1198 ,toties
612 1133 721 1198 fusum
736 1135 913 1200 Numidam
928 1137 1170 1217 pertimescere;
1189 1140 1299 1203 virtuti

110 1243 245 1286 suorum
258 1215 334 1284 satis
347 1221 497 1290 ²credere
511 1245 520 1294 ς
535 1219 630 1282 etiam
642 1217 669 1281 si
681 1233 766 1282 certa
779 1219 897 1302 ³pestts
908 1221 1040 1297 adesset,
1052 1241 1232 1288 mansurum
1244 1245 1300 1307 po·

112 1309 191 1382 tius,
209 1303 304 1388 quim
318 1305 450 1388 proditis
464 1326 543 1388 quos
554 1305 698 1382 ducebat,
708 1304 793 1388 turpi
804 1303 877 1386 fugi
890 1303 1024 1382 incertae,
1037 1327 1073 1368 ac
1087 1305 1215 1371 forsitan
1228 1311 1301 1392 prist

111 1391 209 1475 paulo
222 1391 331 1454 morbo
346 1389 610 1466 interituraaviue
621 1403 772 1472 perteret.
812 1389 1026 1454 Caeterum-ab
1036 1392 1147 1454 eodem
1164 1397 1301 1458 monitus

23 1473 25 1550 ξ
113 1474 163 1548 uti
174 1489 274 1540 ‘noctu
291 1477 569 1561 proficiscerentur,
580 1475 745 1540 consilium
760 1477 928 1559 approbat;
945 1478 1098 1540 aestatim
1115 1478 1229 1542 milites
1243 1501 1301 1544 co·

112 1577 203 1626 natos
218 1585 287 1626 esse
303 1565 335 1626 iu
351 1563 471 1638 castris,
482 1561 632 1643 ignesque
648 1557 743 1642 quim
758 1562 983 1626 ccreberrimos
997 1562 1076 1640 ficri,
1088 1563 1162 1626 dein
1177 1562 1302 1648 “prime

112 1645 588 1731 vigiliesilentioegredi,juber.
612 1645 746 1728 Jamque
758 1661 910 1712 nocturno
921 1648 1032 1712 itinere
1042 1645 1134 1714 fessis
1144 1651 1301 1728 omnibus,

113 1733 201 1796 Sulla
221 1733 337 1815 pariter
351 1754 425 1796 cnm
440 1747 511 1794 ortu
530 1731 605 1793 solia
620 1735 932 1808 castrametabatun
955 1732 1032 1797 atim
1052 1736 1174 1816 equites
1189 1737 1301 1802 Mauri

51 1877 53 1883 ,
111 1817 484 1976 ηυιιοὶαυῐ,ἆυςυτὼαιιι,,
495 1815 618 1879 circiter
630 1814 731 1912 duiqrn
742 1815 876 1878 millium
889 1818 1062 1894 intervallo,
1073 1839 1144 1882 ante
1160 1841 1214 1886 eos
1227 1843 1301 1886 con·

113 1903 247 1966 sedisse.
306 1901 370 1964 uod
381 1915 545 1982 postquam
557 1899 702 1961 auditum
715 1914 773 1976 est,
780 1915 848 1962 tum
856 1900 934 1962 verb
945 1902 1052 1982 iugens
1065 1917 1168 1968 metus
1178 1923 1300 1972 nostros

113 1985 253 2062 iu'v'adiu
267 1987 400 2048 credere
416 2007 449 2048 sc
464 1985 606 2068 proditos
621 1981 645 2060 ai,
655 1984 787 2061 Voluce,
802 1999 834 2046 et
848 1985 971 2048 insidiis
985 1987 1224 2052 circumventos.
1248 1993 1302 2056 Ac

24 2093 25 2096 ’
113 2072 207 2139 fatere
223 2072 279 2156 qui
298 2072 439 2136 dicerent
459 2081 574 2140 ‘mauu
590 2069 825 2146 vindicandum,
845 2090 946 2154 neque
967 2073 1052 2154 apud
1072 2071 1160 2136 illum
1180 2089 1303 2140 tautum

113 2161 217 2222 scelus
233 2158 367 2225 inultum
383 2157 613 2240 reliquendum.
638 2153 686 2216 At
698 2153 793 2230 Sulla,
806 2175 996 2240 quamquam
1014 2159 1124 2220 eadem
1139 2155 1311 2226 existima

113 2246 178 2320 bat,
194 2259 299 2310 tamen
315 2244 353 2306 ab
374 2242 488 2328 injurii
507 2239 661 2304 Maurum
681 2241 843 2324 probibet;
865 2263 939 2304 suos
958 2243 1109 2319 hortatur,
1125 2241 1171 2308 uti
1187 2244 1303 2310 fortem

113 2331 256 2393 animum
271 2347 436 2412 geresten
452 2325 534 2410 saepb
547 2321 617 2389 autb
632 2327 739 2408 paucis
753 2326 886 2388 strenuis
901 2329 1052 2390 adversus
1067 2331 1302 2395 multitudinem

112 2413 194 2480 bene
210 2429 402 2498 pugnatum:
418 2411 536 2496 quanto
548 2411 607 2476 sibi
621 2411 652 2474 iu
666 2411 781 2497 praelio,
793 2410 903 2474 minda
912 2417 1130 2494 pepercissent,
1141 2415 1240 2493 tantd,
1252 2434 1301 2480 tu·

112 2501 211 2564 tiores
227 2499 317 2576 fores
332 2521 389 2564 nec
405 2499 516 2562 decere
529 2511 730 2578 quemquam,
741 2496 795 2577 qui
809 2517 919 2562 manus
930 2500 1109 2574 armaverit,
1122 2503 1160 2562 ab
1172 2501 1303 2566 inermis

112 2587 248 2670 pedibus'
270 2586 422 2648 auxilium
447 2599 569 2666 petere3
591 2599 623 2644 et
643 2584 674 2644 in
698 2583 836 2643 maximo
857 2582 1000 2644 omnium
1022 2601 1110 2646 metu
1131 2587 1252 2659 nudum
1270 2602 1302 2658 et

112 2669 249 2735 fcaecum
264 2691 376 2756 corpus
391 2670 433 2740 ad
448 2669 553 2731 hostes
565 2684 699 2732 vertere.
721 2667 806 2750 Dein
819 2653 1142 2751 Volucem,quoniam
1158 2673 1302 2736 ‘hostilia

113 2755 243 2838 luceret,
265 2757 401 2838 ⁴Jovem
424 2756 600 2818 maximum
622 2754 805 2844 obtestatus,
827 2754 873 2817 uti
896 2755 1022 2818 sceleris
1049 2761 1142 2838 atque
1164 2757 1302 2850 perfidio

565 2925 862 2976 INTERPRETATIO.

157 3079 171 3112 ¹
202 3074 479 3140 Voluxadaeniens
505 3075 646 3160 appellat,
672 3086 701 3137 et
724 3072 799 3148 tiles,
815 3071 906 3160 qutim
916 3075 1303 3161 proditisiis,puosduce-
1371 3073 1376 3077 ’

113 3163 159 3226 sd
176 3162 354 3252 colloquium
372 3173 459 3224 vacat
471 3161 587 3244 Syllam
604 3181 697 3246 quoes-
723 3161 783 3235 bat,
803 3173 959 3260 pasceret,
983 3164 1067 3244 turpi
1091 3175 1120 3224 et
1131 3162 1332 3268 flagitiosa,

115 3261 223 3312 tarem.
715 3243 1303 3392 squaruincerta-,aesarsitanpiar

157 3335 172 3369 s
186 3331 286 3411 Dicit,
296 3354 330 3395 se
339 3333 417 3395 satis
425 3329 577 3417 confidere
591 3327 741 3414 virtutip
783 3328 809 3396 Ιό
826 3332 924 3393 morbo
941 3335 1121 3396 interitura.

113 3437 253 3482 suarum.
353 3461 359 3471 ¹-
764 3416 969 3501 ⁴Pastquam
1063 3441 1108 3480 em
1139 3421 1303 3482 maximum

159 3503 172 3538 ³
192 3503 291 3578 Dicit,
310 3523 483 3588 quanquam
501 3517 617 3574 certum
632 3505 701 3566 exi·
724 3502 852 3568 maxima
864 3501 1002 3588 cumoffi
1058 3516 1204 3586 precatus
1215 3519 1303 3588 esset,

114 3592 193 3652 tirum
206 3589 265 3652 sibi
277 3589 404 3668 adesset,
414 3609 448 3652 ee
457 3609 634 3653 mansurum
644 3603 701 3674 po·
721 3601 757 3650 ut
771 3587 858 3650 tertia
873 3589 993 3650 adesset
1006 3589 1140 3756 scelus*-

651 3741 757 3791 NOTAE
1010 3671 1068 3830 ἱ
1135 3699 1168 3790 ι
1220 3662 1222 3666 '
1280 3673 1340 3786 .

150 3869 166 3904 a
182 3851 306 3914 Obsidio]
318 3852 431 3904 Honoris
441 3857 528 3907 causi.
755 3851 888 3915 eManu.]
905 3853 963 3902 lloo
980 3857 1032 3913 est,
1047 3855 1156 3906 Volutem
1166 3872 1217 3906 esse
1229 3859 1304 3912 iater-
1405 3881 1411 3896 .

150 3921 168 3970 b
181 3919 312 3982 Maurus]
324 3919 446 3969 Malum*
716 3921 856 3984 ficientium.
998 3961 1001 3965 .

151 3984 366 4049 censueramus]
386 3989 421 4036 Ut
433 3985 581 4046 exercitum
591 3999 701 4036 numero
756 3985 769 4036 f
783 3981 899 4048 uacum]
918 3984 1038 4047 Scilicet,
1049 4003 1145 4038 cecum
1162 3996 1189 4038 et
1204 3988 1303 4037 inerme

23 4071 24 4116 3
79 4116 84 4124 .
118 4053 280 4116 ampliorem,
302 4054 390 4119 ibique
414 4064 636 4119 pernoctaturum,
658 4056 703 4104 Ju-
723 4068 820 4118 oorpus
832 4053 952 4102 hostibus
966 4054 1117 4114 obvertunt,
1130 4055 1177 4117 qui
1190 4053 1303 4115 fugiunt.

116 4120 218 4184 gustus
229 4119 359 4170 crederet.
722 4117 852 4171 Caeterdm
863 4120 944 4185 digus
953 4129 994 4168 est
1004 4123 1049 4172 tuli
1061 4123 1118 4172 viro
1128 4121 1203 4184 Syllae
1212 4120 1303 4168 oratio.

153 4183 703 4254 dPta’mtt.]Noxinquatuorrigiliss,ess·
756 4185 921 4254 pilearitia]
942 4186 1092 4238 Credebant
1110 4188 1179 4236 enirn
1203 4185 1305 4235 monitu

118 4265 171 4316 que
189 4250 272 4300 triam
289 4253 411 4306 ‘horarum
430 4253 559 4322 singulas,
577 4255 701 4308 liuntauis
722 4254 781 4320 ejus
793 4262 890 4304 cuncta
906 4269 997 4316 gerere
1014 4254 1183 4318 Jugurtlrsm.
1196 4249 1243 4302 sed
1259 4255 1305 4303 Ju-

120 4316 206 4369 divisa
218 4323 285 4372 etat.
580 4329 581 4332 ’
724 4323 825 4389 gurtha
837 4315 1193 4464 uurrlt'uittnepust'uit.
1238 4387 1242 4400 .

28 4413 31 4420 ¹
501 4411 507 4434 l
1064 4411 1088 4450 ⁸
1138 4411 1149 4436 Ο
