3034 5060
187 243 226 300 82
649 175 902 294 'sunnusrn

185 409 205 443 ‘⁶
221 401 354 478 eveniat,
370 402 535 486 providere
555 397 664 464 de'cet:
690 402 777 476 Nam
793 403 825 464 in
839 401 924 464 omni
946 400 1127 480 certamine,
1142 399 1198 484 qui
1214 397 1367 486 ¹optrlen-

184 494 206 528 ‘¹
221 491 281 552 tior
296 505 353 565 est,
368 491 462 552 etiam
479 489 504 549 si
522 486 635 570 accipit
650 488 808 570 injuriam,
823 503 939 561 tamen,
954 487 1030 567 quia,
1042 487 1114 570 plns
1133 499 1247 570 potest,
1262 487 1367 552 facere

186 578 207 614 ‘⁶
224 577 357 638 videtur.
403 575 471 638 Vos
496 588 612 648 autem,
638 572 804 642 Atherbal,
830 583 861 634 et
884 571 1059 654 Hiempsal,
1080 573 1369 650 colite,·observate

184 667 204 698 “
221 664 335 724 ²talem
353 662 434 721 hunc
449 660 551 720 virum
565 684 573 731 3
590 655 755 719 imitamini
773 657 934 733 virtutem,
945 671 977 718 ct
991 655 1156 739 enitimini,
1172 675 1211 719 nc
1228 681 1288 742 ego
1304 681 1372 722 me-

183 753 204 784 “
220 747 313 808 liores
328 748 442 808 liberos
458 744 649 826 3sumpsisse
663 744 783 818 videar,
798 740 892 824 quim
905 741 1085 824 genuisse.’'

226 832 284 894 Ad
307 853 343 894 ea
366 829 533 912 Jugurtha,
557 829 681 890 tametsi
705 849 811 910 regem
835 829 926 890 ¹ficta
945 828 1085 890 locutum
1110 826 1315 911 intelligebat,
1341 843 1375 894 et

183 917 269 1001 bipse
285 913 377 998 longe
395 919 485 978 aliter
499 913 604 976 animo
620 913 775 996 agitabam
799 930 902 976 tamen
922 933 979 995 pro
995 929 1135 995 tempore
1152 912 1286 996 benigne
1303 937 1372 978 res·

181 1005 302 1086 pondit.
348 1003 488 1076 Micipsa
503 1001 610 1085 paucis
626 1016 695 1082 post
711 1001 823 1064 diebus
840 998 983 1060 moritur.
1030 999 1202 1081 Postquam
1219 1000 1264 1062 illi
1281 1022 1373 1064 more

180 1089 271 1171 regio
292 1093 304 1124 ⁴
310 1089 397 1172 justa
418 1083 582 1168 magnifice
604 1085 752 1163 fecerant,
774 1083 897 1168 creguli
921 1083 952 1144 in
976 1096 1073 1146 unum
1096 1101 1321 1162 convenerunt,
1338 1100 1374 1150 ut

129 1171 134 1178 ’
181 1174 264 1236 inter
278 1197 310 1236 se
327 1175 366 1236 de
383 1174 516 1256 negotiis
533 1173 652 1233 cunctis
668 1171 888 1254 disceptarent.
930 1169 996 1232 Sed
1013 1169 1189 1251 Hiempsal,
1206 1171 1260 1252 qni
1278 1173 1374 1235 mini·

181 1281 254 1322 mus
271 1281 311 1321 ex
325 1259 385 1322 illis
402 1275 479 1336 eret,
493 1259 600 1320 naturis
616 1257 718 1334 ferox,
734 1259 829 1320 etiam
845 1253 935 1318 antei
951 1254 1178 1338 ignobilitatem
1195 1257 1374 1338 Jugurthae,

182 1346 256 1425 quia
270 1343 437 1407 ¹1materno
455 1365 568 1426 genere
585 1343 684 1425 impar
702 1342 981 1424 erat„deepiciens,
1000 1342 1151 1402 edenteri
1165 1339 1374 1406 Atherbalem
1406 1399 1409 1406 .

181 1431 324 1503 adsedit;
342 1451 379 1492 ne
396 1431 520 1492 medius
532 1451 572 1492 ex
588 1429 698 1502 tribus,
714 1431 800 1510 quod
815 1425 866 1488 fet
878 1429 961 1510 apud
979 1425 1138 1488 Numidas
1152 1425 1263 1489 honori
1280 1429 1371 1490 duci·

180 1530 242 1590 tur,
258 1517 421 1598 Jugurthae
433 1515 524 1576 foret.
570 1515 673 1575 Decet
687 1529 802 1592 tamen,
814 1527 849 1574 ut
864 1522 878 1560 ¹
886 1512 967 1574 aetati
984 1513 1180 1588 concederet,
1194 1509 1210 1549 ¹¹
1222 1511 1374 1596 fatigatus

180 1598 318 1675 ifratre,
333 1602 388 1662 vix
404 1603 436 1662 in
450 1615 572 1682 partem
589 1600 718 1659 alteram
734 1599 934 1660 transductus
948 1613 1006 1658 est.
1052 1595 1101 1658 lbi
1123 1595 1199 1659 clun
1215 1600 1312 1661 multa
1329 1600 1371 1662 de

129 1682 134 1701 '
179 1687 429 1748 administrando
449 1685 583 1767 imperio
606 1685 806 1759 dissererent,
828 1683 987 1764 Jugurtha
1010 1683 1092 1746 inter
1113 1683 1189 1744 alias
1211 1703 1259 1744 res
1277 1683 1372 1768 jacit,

181 1786 324 1854 oportere
339 1771 543 1852 quinquennii
558 1770 709 1844 consulta,
719 1784 750 1831 et
761 1767 769 1806 ἱ
780 1770 905 1830 decreta
917 1768 1022 1829 omnia
1034 1767 1169 1829 rescindi
1182 1789 1190 1828 τ
1206 1766 1301 1830 ¹¹uam
1314 1791 1371 1852 per

181 1874 219 1918 ea
233 1872 374 1937 tempora
391 1855 568 1918 confectum
583 1855 670 1916 annis
684 1854 857 1938 Micipsam
869 1875 979 1935 parum
993 1852 1097 1914 animo
1110 1853 1256 1915 valuisse.
1284 1853 1374 1918 Tum

180 1937 287 2002 ¹idem
301 1942 466 2026 Hiempsal
477 1943 598 2023 placere
611 1940 669 2002 sibi
682 1941 861 2024 respondit:
879 1959 952 2000 nam
965 1949 987 1975 ¹¹
996 1937 1099 2020 ipsum
1111 1936 1199 2000 illurn
1210 1939 1310 2001 tribus
1323 1940 1374 2004 his

181 2026 439 2108 proximis'annis
454 2025 653 2110 adoptatione
670 2027 702 2089 in
716 2045 849 2108 regnum
865 2024 1055 2108 pervenisse.
1080 2021 1179 2096 Quod
1194 2026 1326 2088 verbum
1340 2025 1374 2088 in

628 2193 927 2292 intraneorum

79 2371 90 2380 ·-
225 2331 316 2418 ¹ch'
328 2319 647 2418 fortiorestnidettir
657 2331 769 2415 facere
833 2331 907 2393 ³Ne
932 2351 987 2413 ego
1007 2331 1114 2393 videar
1133 2329 1296 2413 odoptdsse
1314 2353 1376 2396 me-

182 2417 343 2500 irtjurz'am,
369 2419 507 2505 quamvis
531 2438 600 2479 cam
616 2419 767 2501 occipiat,
790 2417 881 2489 liores
897 2418 1017 2494 liberos,
1029 2414 1121 2502 qodm
1132 2418 1289 2498 genuisse.

125 2558 133 2571 ,
183 2505 257 2588 quin
267 2503 343 2586 pleis
354 2517 467 2588 potest.
634 2539 638 2545 ·
833 2503 1034 2605 ⁴Postpuam
1057 2503 1149 2577 illum,
1173 2525 1256 2566 more
1278 2506 1376 2588 regio,

226 2591 449 2652 ²Reoeremim'
469 2593 549 2652 truite
563 2590 664 2652 virum
680 2593 768 2651 tanto
792 2585 958 2673 magnifice
974 2589 1173 2671 sepeliissent.

182 2676 298 2765 virtute
318 2690 470 2738 ornatum.

721 2827 836 2878 NOTAE.

214 2953 231 2986 a
243 2938 336 3001 ΠΜ]
346 2941 400 2988 Res
412 2934 613 3003 prosectdfictae
624 2945 768 2996 nouerant,
789 2937 840 2986 lem
859 2929 970 2998 assedit,
982 2937 1143 3004 ,Iugurtham
1162 2925 1188 2986 in
1205 2935 1265 2987 loco
1286 2937 1375 2990 infimo

181 3005 360 3067 veredicebat
373 3006 503 3069 Micipsa;
516 3004 679 3054 sederimus
692 3003 768 3054 fictos
790 3005 937 3054 collocavit.
1321 3069 1324 3072 Ι

153 3071 156 3080 ’
181 3081 254 3134 erat:
272 3072 679 3132 nonexbenevolentit,sedex
695 3079 768 3120 metu
823 3071 907 3134 fes]
931 3073 999 3122 Hinc
1020 3071 1177 3132 concludas,
1194 3071 1276 3122 moris
1293 3071 1379 3124 fuisse

182 3139 348 3206 loquebatur.
553 3181 555 3186 .
586 3171 589 3181 .
791 3139 861 3202 apud
874 3143 1012 3199 Romanos,
1025 3149 1054 3190 ut
1065 3139 1219 3190 sedentibus
1232 3139 1308 3190 locus
1324 3155 1379 3192 me·

191 3245 195 3259 .
216 3205 233 3252 b
247 3205 326 3268 Ipse]
345 3210 358 3255 l
363 3206 488 3270 ugurtha.
791 3204 851 3254 dius
865 3215 936 3256 esset
950 3206 1176 3256 honoratissimus.

190 3320 194 3326 ,
211 3287 233 3334 ¹c
246 3274 357 3338 Reguli]
377 3273 519 3338 Jugurtha,
532 3269 712 3332 alternaret
725 3271 769 3319 Hi-
825 3288 843 3337 g
854 3271 967 3336 muri]
979 3275 996 3323 J
998 3273 1118 3340 ugurtha
1130 3271 1244 3322 seilicet.

183 3339 295 3402 empsal,
312 3345 368 3406 qui,
387 3341 472 3390 diviso
491 3354 583 3404 regno,
601 3338 673 3402 parvi
696 3347 770 3388 erant
823 3338 1016 3404 henrigerus]
1037 3345 1103 3390 Eum
1129 3339 1267 3404 premebat
1282 3339 1375 3390 Ather-

183 3419 270 3471 reges.
303 3445 308 3452 .
582 3449 584 3456 ,
791 3403 842 3466 bsl,
857 3414 887 3456 ut
900 3407 1078 3473 inlugurthae
1089 3408 1222 3456 sinistram
1235 3406 1377 3464 transiret;

216 3474 235 3520 d
249 3473 387 3534 dilatoriis]
400 3469 487 3523 Antei
496 3479 587 3522 natum
596 3467 655 3522 elim
666 3489 700 3524 ex
709 3489 770 3526 con·
790 3487 878 3538 eoque
888 3483 965 3538 pacto
978 3478 992 3524 J
996 3473 1112 3538 ugurtha
1124 3471 1229 3523 medius
1243 3471 1319 3524 soret.

183 3541 282 3590 subiri
293 3540 414 3590 vidimus.
825 3542 836 3590 i‘
858 3541 987 3604 Decreta]
1013 3541 1132 3604 Micipsae
1156 3540 1273 3590 scilicet.
1313 3541 1378 3590 Plus

217 3608 380 3670 emmer-n]
397 3605 547 3658 Verisimile
558 3605 624 3657 esti
628 3607 766 3673 ugurtham
792 3605 854 3656 verti
873 3607 941 3658 dicit
959 3612 1058 3657 decreta
1070 3605 1150 3672 qudm
1170 3610 1296 3656 consulto:
1314 3609 1378 3658 Haec

184 3689 246 3735 eum
257 3674 408 3734 Atherbale,
418 3693 473 3740 ¹pum
488 3682 543 3722 turn
557 3673 613 3723 sine
626 3676 695 3722 omui
711 3689 769 3736 pro·
792 3689 924 3735 vocamus,
936 3679 977 3726 cles
994 3677 1181 3736 Declorntionr,
1196 3672 1242 3723 llla
1253 3673 1326 3736 verb,
1337 3677 1379 3725 des

183 3741 277 3790 lixiore
289 3739 441 3796 cerimonia,
451 3742 591 3791 assedisse.
610 3741 720 3789 Occasio
732 3739 770 3788 in·
789 3743 888 3791 Aerem.

183 3819 227 3858 ter
240 3807 299 3854 illos
309 3806 501 3867 duosuonfuit,
512 3808 546 3856 de
560 3807 617 3856 loeo
628 3807 716 3856 autres
726 3822 767 3854 ur·
793 3865 797 3876 Ι
823 3807 951 3871 kNam.]
977 3807 1054 3859 Ratio
1066 3816 1110 3858 est
1121 3805 1260 3874 iugurthae
1276 3821 1324 3870 pro
1338 3821 1380 3857 re·

184 3874 301 3938 bonitate
311 3873 491 3935 disceptandi,
503 3890 560 3922 nam
571 3875 626 3924 sive
635 3876 650 3923 J
654 3873 770 3938 ugurtha
790 3874 945 3926 scindendis'
956 3875 1077 3939 Micipsae
1089 3873 1211 3926 decretis.

185 3941 356 4006 superiorem,
367 3939 422 3988 sive
435 3939 585 3990 inferiorem
597 3941 717 3990 obtinere
727 3955 769 3988 ro·
823 3941 932 4006 Mitem]
948 3945 977 3990 ln
994 3948 1090 3992 neutro
1103 3957 1206 4006 genere.
1240 3937 1313 3988 Dicit
1333 3941 1380 3991 Hi·

183 4011 242 4070 luit,
251 4005 392 4069 utrobique
405 4005 437 4053 ab
449 4007 600 4057 Atherbalis
613 4008 719 4056 sinistre
730 4021 768 4056 se·
790 4011 890 4074 empssl
909 4010 964 4060 seri
982 4009 1009 4058 in
1021 4011 1179 4074 Jugurttram
1197 4019 1256 4056 cum
1274 4005 1379 4067 eculeo,

177 4078 247 4139 ,dere
257 4073 357 4123 debuit.
377 4071 536 4136 Hiempsalis
550 4072 602 4123 suit
610 4074 677 4124 lianc
692 4073 767 4125 litem
791 4076 840 4124 sibi
853 4078 967 4139 placere,
978 4085 1008 4126 ut
1022 4075 1108 4140 patris
1123 4083 1258 4140 postrema
1268 4071 1378 4128 decreta

184 4145 318 4196 dirimere.
334 4138 417 4206 Cujus
430 4140 500 4188 enirn
515 4139 560 4187 ille
573 4153 684 4192 vacuum
699 4141 768 4190 tatus
790 4144 1011 4195 rescinderentur.

183 4209 333 4268 clausisset,
349 4207 374 4258 ei
389 4205 504 4256 medium
522 4213 552 4254 et
566 4207 720 4256 honoratum
732 4209 768 4256 lo·
803 4207 968 4276 '·m1psmn.]
989 4209 1157 4276 tugurium.

185 4289 245 4326 enm
259 4273 390 4331 dedissem
409 4271 521 4336 olimque
533 4273 627 4326 dextri
641 4273 767 4324 Atherba-
