3034 5054
177 311 240 368 22⁸
384 361 391 370 ,
584 295 654 363 AD
670 296 710 360 C.
726 291 960 359 CAESAREM

177 482 262 534 ⁸non
276 479 422 544 mutatos,
436 489 537 551 neque
553 468 585 532 in
602 469 707 553 prelio
729 467 801 530 belli
818 467 904 550 jure,
919 465 975 528 sed
997 465 1103 548 poste‘ai¹
1123 466 1294 552 supplices,
1308 488 1362 552 pet

178 577 339 621 summum
354 555 455 618 scelus
470 554 668 618 interlectos:
684 555 806 636 plebem
818 553 993 614 Romanam
1008 552 1041 613 in
1054 550 1151 615 bvillis
1165 555 1301 637 publice,
1313 575 1365 638 pe·

178 642 261 706 coris
276 642 383 718 modo,
396 641 595 703 conscissam.
640 640 714 702 Heu
730 635 824 720 quim
848 639 899 699 illa
921 639 1044 700 occulta
1063 637 1182 702 civium
1198 638 1320 714 funera,
1335 655 1368 702 et

177 728 345 811 repentinae
356 727 456 789 caedes
471 725 502 787 in
517 741 694 806 parentum,
708 739 761 786 aut
774 725 944 786 liberorum
959 725 1075 800 sinum,
1090 722 1167 806 fuga
1182 727 1368 804 mulierum,

178 826 211 876 ct
229 832 409 898 puerorum,
423 809 555 873 vastatio
570 813 748 874 domorum.
794 809 880 871 Ante
903 827 1022 892 partam
1040 806 1103 872 itte
1118 810 1283 873 victoriam
1297 831 1368 872 om·

177 899 231 962 nia
241 919 333 973 sceva,
348 912 440 978 atque
453 896 592 960 crudelia
607 912 705 958 erant.
751 897 807 957 Ad
823 915 891 975 quae
906 909 935 957 te
953 895 997 955 illi
1014 894 1099 956 idem
1116 894 1294 960 hortantur:
1311 906 1325 934 ⁶
1335 911 1369 960 et

178 986 298 1048 scilicet
312 983 346 1044 id
361 997 512 1044 certatum
528 1003 596 1045 esse
612 983 733 1046 ¹utrius
741 984 882 1044 vestrum
895 980 1033 1055 arbitrio,
1042 980 1165 1064 injuriae
1177 978 1222 1044 uti
1235 983 1365 1057 fierent;

177 1073 299 1152 ²ncque
313 1081 482 1150 receptam,
496 1069 554 1130 sed
573 1083 706 1150 captam,
721 1065 738 1127 it
754 1082 783 1129 te
799 1088 898 1149 remp.
914 1067 1002 1130 'etei
1017 1069 1108 1128 causti
1128 1069 1290 1144 exercitus,
1304 1070 1362 1132 sti·

178 1154 303 1240 pendiis
318 1151 478 1230 confectis,
492 1154 628 1236 optimos
643 1169 675 1217 et
689 1153 873 1215 veterrimos
889 1152 1043 1228 omnium,
1059 1154 1226 1216 adversum
1241 1153 1360 1232 iratres,

176 1255 395 1324 parentesque,
407 1240 460 1302 alii
479 1240 604 1316 liberos,
616 1239 711 1303 armis
730 1239 936 1310 contendere5
960 1253 995 1299 ut
1017 1259 1058 1300 ex
1079 1238 1187 1304 alienis
1202 1240 1291 1302 malis
1306 1241 1361 1304 de·

177 1326 303 1390 terri'mi
318 1326 465 1388 mortales
481 1326 593 1402 ventri,
608 1343 700 1408 atque
713 1323 873 1408 prolundae
884 1323 1007 1384 libidini
1020 1338 1161 1407 sumptus
1173 1340 1365 1406 quaererent3

177 1427 273 1494 atque
295 1426 399 1476 essent
419 1411 585 1494 opprobria
606 1412 754 1485 victorie,
776 1430 910 1490 quorum
932 1408 1060 1490 flagitiis
1085 1411 1368 1476 commacularetur

177 1499 332 1580 bonorum
347 1498 424 1560 laus.
458 1497 573 1578 Neque
589 1499 674 1558 enim
691 1513 718 1558 te
735 1495 891 1578 praeterire
904 1509 991 1576 puto,
1007 1496 1089 1577 quali
1104 1497 1236 1580 quisque
1252 1518 1367 1561 eorum

177 1603 278 1662 more,
288 1598 342 1646 aut
355 1581 516 1656 modestis,
531 1582 625 1643 etiam
642 1597 709 1643 tum
725 1583 819 1643 dubit
834 1580 975 1657 victorii,
989 1602 1054 1643 sese
1069 1584 1216 1666 gesserit:
1232 1604 1362 1664 quoquc

177 1671 276 1732 modo
292 1669 324 1730 in
338 1665 411 1728 belli
426 1667 692 1728 administratione
707 1679 819 1743 scorta,
830 1684 884 1728 aut
894 1663 914 1724 5¹
923 1666 1061 1729 convivia
1076 1669 1270 1730 exercuerint
1280 1689 1360 1730 non·

177 1754 276 1825 nulli;
298 1770 433 1832 quorum
447 1765 519 1813 aetas
533 1771 585 1825 ne,
600 1771 656 1833 per
670 1753 770 1814 otium
787 1751 929 1833 quidem,
943 1753 1022 1814 tales
1036 1751 1205 1833 voluptates
1222 1753 1291 1814 sine
1307 1755 1364 1816 de·

178 1839 292 1900 decore
315 1836 463 1918 attigerit.
509 1837 561 1898 De
581 1837 661 1898 bello
681 1833 758 1899 satis
778 1839 909 1899 dictum.
956 1837 1008 1899 De
1030 1857 1104 1918 pace
1121 1837 1270 1900 firmandi
1285 1860 1364 1919 quo·

176 1923 264 1984 niam
285 1919 393 2004 tuque,
406 1939 440 1986 et
460 1944 570 1986 omnes
591 1925 636 1985 tui
660 1922 802 2006 agitatis:
826 1923 962 2006 primum
988 1923 1035 1998 id,
1054 1940 1170 2004 quaeso‚
1192 1924 1365 2000 considers,

134 2021 140 2030 ‘
177 2011 269 2092 quale
285 2009 320 2070 id
336 2010 387 2083 sit,
402 2010 441 2071 de
456 2030 519 2091 quo
530 2011 702 2072 consultas:
721 2009 775 2086 ita,
789 2009 890 2085 bonis,
905 2007 1058 2090 malisque
1070 2017 1087 2046 '⁶
1098 2007 1235 2084 dimotis,
1246 2010 1360 2090 patenti

177 2096 229 2158 vii
244 2095 285 2158 ad
300 2115 410 2156 verum
424 2116 547 2178 perges.
592 2093 664 2176 Ego
679 2094 724 2156 sic
739 2095 906 2166 existimo;
930 2095 1079 2175 quoniam
1094 2109 1162 2156 orta
1177 2095 1279 2157 omnia
1298 2091 1359 2158 fin·

177 2194 312 2254 tersum,
323 2182 383 2261 quti
395 2194 577 2262 tempestate
593 2180 663 2242 urbi
679 2179 828 2244 Romanae
843 2179 943 2242 fatum
955 2179 1073 2244 excidii
1084 2179 1268 2256 adventarit,
1278 2180 1362 2243 cives

178 2287 250 2328 cum
264 2266 384 2327 civibus
400 2287 510 2328 manus
525 2281 741 2328 conserturos:
758 2267 802 2336 ita
816 2265 967 2342 defessos,
982 2281 1015 2327 et
1029 2285 1206 2348 exsangues
1220 2267 1299 2350 regi,
1310 2280 1363 2330 aut

176 2352 306 2426 notioni,
321 2351 430 2432 praedae
448 2351 580 2414 futuros.
626 2351 732 2416 Aliter
753 2373 814 2414 non
836 2351 920 2422 orbis
942 2366 1109 2425 terrarum,
1123 2373 1224 2433 neque
1247 2367 1360 2414 cunctae

177 2451 287 2518 gentes
309 2437 508 2518 conglobare,
523 2451 661 2514 movere,
677 2453 729 2499 aut
751 2439 941 2500 contundere
962 2452 1081 2518 queunt
1102 2438 1161 2499 hoc
1183 2438 1359 2520 imperium.

178 2521 349 2584 Firmanda
362 2522 457 2604 igitur
470 2540 541 2586 sunt
557 2525 729 2586 concordie
744 2524 834 2600 bona,
849 2538 881 2585 et
895 2522 1060 2586 discordiae
1074 2523 1155 2584 mala
1166 2525 1360 2606 expellenda.

178 2605 220 2669 Id
235 2607 278 2669 ita
293 2608 426 2685 eveniet,
437 2609 463 2670 si
478 2627 672 2692 sumptuum,
687 2624 718 2671 et
732 2612 910 2692 rp'pinarum
922 2609 1080 2670 licentiam
1091 2608 1285 2692 dempserim
1301 2615 1361 2672 non

176 2692 219 2756 ad
232 2704 337 2756 vetera
358 2695 523 2758 ginstituto
537 2716 697 2772 revocans,
712 2715 791 2776 quae,
809 2695 1016 2778 jampridem
1033 2697 1187 2778 corruptis
1210 2695 1358 2775 moribus
1427 2757 1429 2764 ,

620 2879 923 2928 INTERPRETATIO.

219 3013 287 3076 ¹Et
299 3012 414 3078 scilieet
428 3009 473 3074 illi
489 3011 597 3076 volunt
612 3025 758 3076 certatum
768 3007 773 3046 ¹
774 3009 928 3096 publicam
936 3039 950 3083 ,·
974 3026 1004 3076 et
1026 3015 1063 3076 eci
1089 3017 1183 3076 causei
1209 3017 1360 3079 exercitur

177 3121 252 3174 esse,
275 3115 310 3161 ut
333 3100 466 3175 sciretur
492 3099 595 3161 utrius
622 3101 759 3162 vestrim
780 3100 918 3181 optimos,
929 3111 960 3161 et
970 3101 1147 3162 veterrimos
1159 3105 1291 3164 omnium
1305 3105 1359 3164 sti·

176 3184 307 3246 arbitrio
323 3184 449 3267 injurie
457 3181 590 3267 fierent.
775 3184 900 3266 pendiis
911 3185 1065 3270 consectis,
1077 3188 1257 3250 contendere
1267 3191 1357 3251 armis

219 3271 233 3306 ²
248 3269 353 3352 Neque
376 3269 482 3330 volunt
505 3281 654 3350 receptam
674 3281 704 3332 et
722 3271 759 3331 li·
769 3267 941 3332 landbertum
953 3271 1078 3354 fratres
1093 3283 1122 3335 et
1135 3283 1294 3356 parentes,
1307 3274 1359 3337 atii

178 3355 322 3436 berctam,
335 3354 514 3437 sedcaptam
527 3352 622 3417 esseni
639 3367 668 3417 te
683 3378 758 3418 rem·
782 3357 932 3419 adversus
948 3357 1069 3420 liberos.

709 3517 826 3566 NOTAE.

210 3654 227 3689 s
245 3642 307 3690 Non
327 3639 456 3704 armaten]
489 3641 708 3696 Animadversum
731 3641 757 3692 in
779 3644 869 3706 Pomp.
880 3643 1012 3695 dedecore
1023 3644 1191 3708 Plutarchus,
1203 3654 1231 3698 et
1245 3647 1302 3715 ipse
1311 3640 1363 3700 c'aet

174 3722 221 3760 cos
231 3707 280 3772 qui
290 3721 319 3756 te
329 3714 421 3771 sponte
430 3708 594 3767 dediderant.
604 3709 690 3775 inquit
701 3710 759 3759 Flo·
780 3725 822 3758 sar
835 3709 961 3775 loquitur.

175 3790 230 3827 rut.
811 3793 826 3826 e
842 3779 966 3841 Himerio]
988 3779 1017 3828 ld
1035 3786 1088 3840 est,
1105 3797 1214 3830 seorsum
1227 3786 1321 3846 positis,
1338 3793 1368 3835 et»

209 3841 227 3891 b
240 3837 325 3902 Villi]
337 3842 375 3888 Es
384 3837 437 3889 suit
448 3839 474 3890 in
486 3844 584 3907 campo
595 3842 702 3902 Martio,
713 3840 758 3892 ubi
779 3844 897 3894 accurate*
911 3849 1079 3909 pertentastis.
1112 3850 1152 3896 lta
1169 3845 1242 3910 verb,
1252 3849 1363 3914 quicun-

176 3913 296 3972 quatuor,
315 3912 345 3956 et
365 3907 509 3958 secundum
529 3909 640 3974 aliquos,
652 3919 712 3958 octo
730 3915 759 3958 et
778 3924 830 3974 que
843 3908 932 3976 decipi
944 3913 1048 3972 metuit,
1061 3913 1206 3978 lactoopus
1217 3925 1268 3966 est.

175 3989 268 4027 novem
284 3971 364 4026 millia
378 3971 528 4024 deditorum
547 3974 684 4026 inermium
697 3975 759 4032 civi·
811 3975 826 4026 f
833 3977 981 4040 Intererat]
1001 3977 1086 4035 anm
1100 3979 1221 4046 apposite
1235 3988 1263 4031 et
1275 3983 1309 4032 ad
1326 3982 1362 4032 in·

177 4056 222 4095 um
233 4040 304 4102 Sylla
312 4037 425 4090 interfici
434 4036 526 4102 jussit.
779 4043 885 4106 genium
895 4045 1005 4096 cesaris
1017 4045 1214 4098 accommodate
1227 4048 1315 4100 isthuc
1326 4051 1363 4100 iu·

210 4123 226 4157 c
239 4109 277 4160 Et
287 4103 403 4168 scilicet]
413 4102 580 4158 Adversariis
589 4107 705 4158 rationes
715 4108 758 4158 ad·
774 4108 848 4174 jecit.

176 4172 270 4227 scribit
291 4173 429 4228 ridiculas,
447 4179 478 4221 ut
496 4185 586 4223 eorum
606 4175 755 4226 institutum
811 4175 987 4241 plenitate]
1009 4181 1048 4230 De
1066 4180 1236 4244 sumptuariis
1255 4181 1359 4250 legibus

176 4239 316 4294 ridiculum
330 4241 460 4290 videatur.
778 4241 905 4308 loq'uitur,
916 4260 983 4310 quas
993 4247 1119 4305 adversus
1130 4257 1294 4312 grassantem
1305 4265 1362 4302 cor-

209 4306 229 4362 d
243 4303 390 4374 stamme]
410 4310 450 4360 De
462 4303 513 4359 hoc
527 4307 599 4358 omni
610 4315 755 4362 castrorum
778 4311 923 4376 ruptionem
937 4309 1004 4368 satis
1017 4311 1106 4372 firmas
1120 4329 1170 4375 non
1182 4315 1277 4368 credit.
