3034 5060
175 239 235 322 146
507 285 511 292 .
635 232 882 346 snLLUsTn

174 420 196 454 ‘⁶
210 427 259 480 est
273 411 365 497 quim
381 411 566 485 consulante,
580 424 633 476 aut
646 425 788 494 pentura,
802 411 860 472 ²eo
873 408 991 494 majore
1011 410 1084 474 curi
1098 408 1183 477 illam
1197 411 1348 478 adminic-

174 507 196 540 “
211 501 297 576 traci,
319 489 411 582 quim
434 497 498 560 haec
520 497 582 580 peti
605 495 728 558 debere.
774 495 888 578 Neque
911 516 961 557 me
984 493 1072 570 fallit,
1093 513 1256 577 quantum,
1278 521 1351 562 cum

174 592 197 625 “
212 583 349 650 maximo
365 583 513 646 beneficio
525 596 638 657 vestro,
649 580 766 662 negotii
780 581 959 642 sustineam.
984 581 1106 644 Bellum
1123 591 1242 664 parare,
1256 585 1352 648 simul

175 677 196 710 “
212 687 243 734 et
257 670 363 732 aerario
379 688 521 752 parcere:
544 685 654 750 cogere
670 667 712 728 ad
728 662 872 728 militiam
893 675 969 726 aeos
983 686 1062 746 quos
1076 666 1155 730 nolis
1170 667 1350 732 offendere:

174 762 195 795 “
211 756 298 819 domi
310 755 447 836 forisque
459 752 562 812 onmia
577 772 699 814 curare:
720 767 751 813 et
766 769 802 813 ea
817 771 909 832 agere
923 750 1003 812 inter
1017 750 1151 828 invidos,
1165 749 1351 818 boccursan-

173 849 196 886 “
211 858 269 916 tes,
284 834 451 916 factiosos,
461 837 635 920 ‘opinione
650 835 805 911 Q‘uirites,
820 836 959 918 asperius
981 849 1039 897 est.
1084 837 1140 935 ‘bd
1163 838 1232 914 hoc,
1248 839 1300 902 alii
1323 842 1352 904 si

174 932 195 966 “
211 927 382 1006 deliquere,
396 939 486 986 vetas
502 921 655 996 nobilitas,
671 921 825 1004 majorum
838 920 918 984 lacta
933 919 1036 1000 fortia,
1048 930 1249 1006 cognatorum
1262 940 1294 987 et
1305 926 1354 988 al-

173 1019 195 1050 “
213 1012 320 1075 finium
334 1031 420 1093 opes,
435 1009 541 1071 multae
561 1003 744 1086 tlclientelae,
759 1004 863 1068 omnia
881 1005 947 1068 lraec
962 1007 1106 1091 praesidio
1121 1009 1248 1073 adsunt:
1272 1011 1354 1074 mihi

173 1101 194 1135 “
210 1117 280 1180 apes
295 1116 403 1158 omnes
415 1095 446 1156 in
462 1108 578 1155 memet
592 1093 669 1168 sitae,
684 1113 763 1174 quas
777 1112 902 1166 necesse
918 1106 966 1155 est
979 1105 1010 1153 et
1021 1094 1149 1170 virtute,
1162 1108 1194 1157 et
1208 1095 1354 1158 innocen·

172 1187 194 1220 “
209 1183 251 1243 tia
269 1181 378 1243 tutari:
402 1199 473 1242 nam
489 1178 573 1239 ealia
594 1177 720 1238 infirma
732 1190 814 1239 aunt.
857 1171 921 1238 fEt
935 1177 1011 1239 illud
1033 1177 1182 1262 intelligo,
1199 1179 1355 1261 Quirites,

173 1271 195 1305 ‘⁶
210 1277 225 1318 ὅ
231 1269 370 1329 omnium
397 1286 451 1326 ora
473 1263 505 1326 in
526 1283 577 1326 me
599 1259 769 1325 hconversa
795 1282 881 1324 esse:
905 1273 1020 1343 aequos,
1042 1263 1200 1346 bonosque
1223 1265 1351 1330 favere:

172 1350 194 1390 “
210 1353 323 1434 quippe
345 1348 503 1413 benefacta
516 1351 591 1410 'mea
605 1349 682 1432 reip.
699 1348 889 1430 procedunt:
912 1348 1103 1410 nobilitatem
1125 1352 1248 1414 'locum
1259 1351 1352 1416 inva-

173 1441 194 1475 “
210 1437 305 1500 dendi
321 1456 469 1518 quaerere.
517 1431 593 1507 Quo
609 1433 687 1496 mihi
703 1431 807 1496 acriiis
825 1432 1027 1494 adnitendum
1043 1451 1100 1511 est,
1115 1433 1161 1498 u'ti
1178 1457 1279 1518 neque
1295 1459 1353 1506 vos

172 1527 194 1559 “
210 1512 408 1604 ³capiainini,
425 1535 456 1581 et
476 1518 519 1580 illi
536 1516 650 1580 fruatri
672 1518 743 1581 sint.
790 1515 900 1580 lta'ad
923 1518 981 1581 hoc
1002 1520 1100 1582 aetatis
1111 1517 1133 1602 ¹b
1146 1523 1277 1608 pueritii
1292 1521 1354 1604 fui,

172 1610 193 1644 “
210 1623 245 1669 ut
266 1627 374 1666 omnes
394 1605 525 1680 labores,
539 1603 675 1686 pericula
697 1607 843 1666 consueta
862 1603 1003 1666 habeam.
1049 1603 1128 1678 Quae
1143 1604 1229 1671 anteit
1244 1611 1352 1675 vestra

172 1691 358 1752 “beneficia
381 1686 516 1771 gratuitb
542 1687 705 1765 faciebam,
724 1709 761 1750 ea
782 1685 841 1762 uti,
859 1702 985 1771 accepta
1006 1688 1354 1772 imercede,1‘deseram,

171 1779 194 1814 ‘⁸
209 1797 270 1839 non
286 1789 333 1838 est
344 1773 519 1850 consilium,
535 1772 689 1846 Quirites.
712 1775 779 1837 Illis
793 1774 915 1837 difficile
930 1791 977 1838 est
992 1774 1024 1840 in
1035 1777 1237 1859 potestatibus
1251 1782 1354 1842 ⁴tem·

173 1864 194 1899 “
210 1881 329 1941 perure,
340 1859 393 1941 qui
409 1879 464 1941 per
475 1859 677 1921 ambitionem
693 1853 760 1921 sese
774 1861 886 1944 probos
901 1859 1101 1939 simulavere,
1114 1862 1203 1940 mibi,
1213 1862 1268 1944 qui
1283 1886 1353 1926 om-

173 1947 196 1983 “
212 1965 283 2017 nem
298 1960 419 2008 aetatem
432 1944 463 2005 in
479 1945 604 2026 optimis
620 1944 737 2006 artibus
757 1945 820 2030 egi,
834 1942 912 2006 beni
929 1949 1031 2008 facere
1048 1947 1116 2032 jam
1133 1967 1174 2010 ex
1187 1963 1352 2014 consuetu·
1383 2029 1388 2038 .

172 2035 195 2068 “
211 2031 283 2092 dine
305 2030 362 2091 kin
376 2043 517 2090 naturam
533 2029 636 2090 vertit.
682 2029 810 2092 Bellum
826 2051 878 2092 me
899 2052 1006 2114 gerere
1022 2054 1093 2096 cum
1111 2034 1264 2118 Jugurtha
1280 2035 1351 2119 jus·

172 2119 196 2152 “
211 2116 312 2178 sistis:
330 2133 425 2196 quam
437 2133 503 2174 rem
519 2113 660 2174 nobilitas
677 2113 838 2197 aegerrime}
853 2117 933 2178 tulit.
978 2115 1109 2195 Quaeso,
1125 2131 1262 2203 reputate
1278 2141 1353 2183 cum

173 2205 195 2237 “
211 2201 322 2262 animis
338 2200 460 2272 vestris,
474 2216 549 2259 num
565 2197 599 2260 id
617 2201 730 2262 mutari
747 2200 861 2264 melitis
878 2201 936 2264 sit:
960 2203 986 2264 si
1004 2223 1098 2285 quem
1114 2223 1156 2264 ex
1173 2205 1226 2267 illo
1247 2203 1356 2288 ¹globo

174 2289 196 2323 “
211 2284 378 2348 nobilitatis
392 2283 433 2345 ad
448 2281 518 2362 hoc,
531 2297 583 2346 aut
596 2282 684 2347 'aliud
699 2287 771 2365 tale,
785 2287 947 2371 negotium
963 2287 1113 2364 mittatis,
1128 2289 1290 2354 hominem
1301 2314 1355 2356 ve·

619 2415 915 2467 lNTERl’RETATIO.

219 2529 327 2592 ²Nam
348 2527 428 2590 mihi
448 2526 584 2605 videtur,
605 2525 673 2613 qai,
687 2531 755 2591 ani·
819 2527 1048 2618 Quapropter
1059 2535 1134 2596 mibi
1148 2537 1356 2602 vehementibs

176 2635 266 2678 versa
286 2613 455 2696 respublica
472 2615 575 2696 pluris
595 2625 640 2675 est
664 2612 755 2698 purim
776 2615 971 2682 adnitendum
996 2630 1051 2695 eet,
1065 2617 1113 2683 ati
1135 2641 1229 2706 neqaoe
1248 2623 1374 2688 aos'in'

149 2711 313 2782 *praetura
327 2699 588 2767 danemarchiam
610 2699 692 2760 illam
707 2701 753 2762 de·
767 2699 915 2783 fraudem
942 2704 1096 2784 incidatis,
1114 2718 1143 2768 et
1162 2707 1207 2768 illi
1221 2707 1356 2792 sruotrti

177 2785 246 2846 bere
260 2783 473 2844 administrari
489 2805 520 2844 eo
541 2782 656 2867 majore
668 2788 756 2861 carri,
776 2786 850 2848 sint.
929 2824 932 2830 ·

176 2867 269 2954 qnbm
284 2871 346 2928 brec
356 2870 431 2950 peti.
527 2919 530 2928 ,
815 2875 830 2932 ,⁴
846 2870 982 2961 Dfflcile
999 2888 1045 2937 est
1064 2875 1126 2939 illie
1145 2879 1276 2944 modesti
1292 2902 1358 2942 sese

220 2957 232 2991 ²
255 2955 397 3036 Intelligo
420 2953 604 3017 nobilitatem
623 2971 756 3040 pertenere
771 2978 882 3038 gerere
897 2961 1149 3044 inpensioribus,
1164 2965 1217 3048 qni
1236 2987 1270 3026 ee
1279 2978 1356 3048 pro·

176 3043 358 3103 occasionem
384 3039 444 3100 eibi
465 3040 640 3102 vindicandi
661 3042 753 3122 domi·
777 3043 827 3104 bos
841 3045 1071 3122 simulaverant,
1085 3047 1154 3112 dum
1170 3048 1334 3113 ambibunt.

175 3127 337 3188 notionem.
550 3163 554 3170 ,
692 3177 694 3184 Α
718 3145 737 3196 Ἃ
1215 3159 1218 3163 ·

641 3211 676 3228 ”
707 3231 822 3282 norm.
909 3213 913 3224 ²

209 3351 225 3388 a
237 3335 307 3400 an]
318 3339 370 3386 nos
380 3335 477 3400 populo
489 3335 544 3401 lpse
552 3336 679 3403 loquitur,
686 3341 755 3405 apud
808 3339 823 3392 f
831 3339 893 3406 Ea]
906 3343 974 3412 Gall,
984 3343 1140 3409 diceremus,
1153 3345 1184 3397 Je
1196 3351 1246 3398 raia
1256 3348 1358 3400 dooere

174 3421 254 3472 quem
266 3403 408 3454 orationem
420 3402 538 3464 habebat,
548 3404 756 3470 inquaplurlms
772 3415 841 3472 port.
860 3412 1047 3462 Particularurn
1057 3415 1109 3463 vim
1119 3417 1359 3483 anteaomniacog·

175 3482 237 3523 sunt
252 3467 337 3529 certe,
354 3486 411 3536 quae
429 3485 479 3520 non
496 3471 552 3520 siue
570 3473 651 3522 cauea
668 3475 754 3539 quiris
775 3489 882 3526 noscere
896 3478 984 3537 debet,
995 3477 1115 3544 quisquis
1130 3480 1243 3546 alicujus
1261 3483 1357 3550 lingua:

174 3539 305 3590 memoriae
316 3537 430 3586 mandet.
774 3551 923 3593 accuratam
937 3544 1056 3596 notitiam
1066 3545 1161 3598 babere
1172 3549 1255 3612 cupit.

209 3605 226 3652 b
242 3599 425 3668 Ocnirrantea]
440 3605 478 3652 De
489 3602 621 3654 nobilibus
633 3605 753 3671 agit,qui
808 3624 827 3672 g
843 3611 974 3674 Ominum]
992 3612 1128 3680 Vestrilm,
1139 3614 1310 3682 scilicet‚qui
1321 3632 1358 3670 ex

174 3682 300 3720 novorum
313 3671 444 3722 hominum
453 3669 589 3722 conatibus
602 3685 706 3736 semper
716 3688 754 3722 re·
774 3673 850 3738 plebe
859 3678 932 3728 estis.

173 3735 310 3788 sistebant.
348 3749 351 3756 ’
807 3741 823 3790 li
839 3740 987 3806 Conversa]
1007 3744 1041 3794 Id
1056 3752 1105 3808 est,
1119 3751 1160 3810 qni
1171 3752 1250 3799 onena
1261 3751 1355 3801 bonosi

208 3819 223 3852 c
237 3799 376 3866 Opinione]
399 3801 466 3852 Gall.
485 3803 552 3854 O¹eet
563 3819 610 3853 nne
621 3806 754 3870 eboeeplnr
774 3823 810 3858 me
820 3813 963 3873 expectatio.

168 3871 290 3936 facienao
299 3867 370 3930 qu'oa
383 3883 413 3918 ne
420 3878 501 3932 pense.
807 3875 815 3924 i
828 3874 969 3939 atrocem]
980 3877 1133 3940 Consulatu,
1143 3880 1278 3943 videlicet,
1289 3882 1357 3934 etin

207 3937 225 3986 d
239 3933 378 3995 clientela]
391 3937 428 3982 lta
436 3944 559 3986 vocantur
568 3935 699 3995 civitates,
705 3951 751 3988 seu
772 3955 833 3990 eum
843 3943 988 3994 exercitum
1000 3943 1120 4010 imperio,
1130 3947 1177 4012 qui
1187 3947 1212 3996 in
1225 3943 1357 4000 N‘umidib.

172 4001 355 4054 multitudines
364 4001 496 4052 hominum
509 4003 650 4066 quaralicui
662 4013 751 4069 poten·
773 4017 821 4058 est.

171 4072 195 4120 ti
206 4067 466 4133 adhaerent,ejusque
479 4070 623 4132 patrocinio
634 4077 751 4120 utuntur.
804 4075 823 4122 lr
836 4076 867 4124 In
879 4077 1011 4141 naturam]
1021 4078 1097 4129 Istud
1108 4077 1221 4130 maximi
1233 4081 1353 4133 homines

205 4153 220 4186 e
238 4134 317 4198 Aba]
339 4134 412 4184 Dicit
422 4149 450 4184 se
462 4149 545 4202 neque
558 4147 693 4204 cognatos,
705 4154 749 4186 ne·
773 4140 806 4190 nd
818 4141 925 4191 virtutis
935 4144 1053 4195 habitum
1065 4145 1224 4198 inflammare
1237 4149 1328 4198 debet.
1348 4175 1354 4184 ·

172 4217 223 4269 que
235 4202 379 4270 clientelas,
392 4215 476 4266 neque
493 4203 521 4251 id
539 4219 621 4273 genua
637 4201 689 4267 alia
705 4203 750 4256 ha·
804 4208 814 4258 l
831 4209 929 4274 alnoo]
955 4213 1030 4264 Istud
1043 4211 1170 4268 ettvaldb
1183 4212 1352 4270 invidiosum.

171 4269 233 4322 bere
244 4288 250 4320 :
263 4270 311 4320 sed
323 4268 380 4320 sola
394 4267 490 4320 virtute
500 4269 557 4321 niti.
1219 4293 1222 4296 ·
