3034 5060
220 308 282 370 142
573 362 582 382 ,
685 273 937 372 sann‘usru-

219 477 302 542 ⁸uni
317 476 445 562 species
461 497 562 560 neque
578 473 705 551 flumen,
720 499 821 562 neque
842 501 932 543 mons
953 492 1030 560 erat,
1044 481 1099 566 qui
1117 481 1194 546 fines
1212 493 1324 550 torum
1339 487 1409 554 disi

218 579 378 646 cerneret:
399 561 489 646 '’quae
505 585 555 626 res
571 585 625 626 eos
640 563 672 626 in
689 585 802 647 magno
818 565 1027 649 diuturnoque
1042 571 1123 631 bello
1139 569 1221 632 inter
1235 591 1268 632 se
1284 573 1407 639 habuit.

191 697 193 705 ,
219 653 391 732 Postquam
406 651 565 731 utrimque
577 650 728 732 legiones,
741 651 818 712 item
830 652 945 715 classes
959 650 1039 736 saepi
1057 653 1147 731 fusae,
1157 653 1341 741 fugataeque¹
1349 686 1359 734 ς
1375 677 1407 724 et

217 738 306 800 alteri
322 738 434 799 alteros
450 733 644 816 aliquantum
657 737 849 810 attriverant,
862 738 955 801 veriti
975 760 1014 800 ne
1035 760 1111 801 mox
1125 741 1238 820 victo's,
1252 745 1408 808 victores·

216 843 278 906 que
294 821 434 884 defessos
449 820 528 883 alius
547 823 782 903 aggrederetur,
797 843 854 905 per
873 823 1015 887 inducias
1035 827 1259 908 csponsionem
1275 829 1409 909 faciunt,

215 903 264 972 uti
280 921 366 970 certo
380 909 432 968 die
447 906 541 988 legati
558 908 654 968 domo
669 907 958 991 proficiscerentur;
981 931 1045 992 quo
1066 910 1098 972 ia
1117 911 1187 973 loco
1202 913 1283 978 inter
1299 937 1335 978 se
1351 918 1406 978 ob-

214 995 259 1058 vii
276 994 418 1068 fuissent,
433 993 460 1053 is
479 993 654 1079 communis
674 993 838 1075 utriusque
860 996 966 1078 populi
983 995 1054 1058 linis
1078 995 1254 1062 haberetur.
1301 1001 1406 1084 Igitur

213 1081 280 1143 duo
298 1079 409 1142 fratres
424 1077 613 1160 Carthagine
630 1079 730 1156 missi,
751 1080 866 1161 quibus
880 1101 995 1143 nomen
1010 1081 1160 1144 'Philaenis
1175 1101 1252 1162 erat,
1268 1102 1406 1150 matura·

213 1167 292 1227 vere
307 1167 367 1227 iter
380 1184 529 1247 pergere:
547 1163 742 1246 Cyrenenses
753 1164 877 1228 tardius
893 1167 990 1229 ¹iire.
1014 1166 1055 1230 Id
1070 1169 1263 1246 socordiine,
1274 1193 1311 1233 an
1326 1192 1404 1234 casu

212 1251 375 1326 acciderit,
396 1247 510 1332 partim
531 1250 675 1332 cognovi.
721 1249 882 1314 Caeterhm
899 1252 980 1315 solet
999 1251 1031 1315 in
1053 1253 1130 1332 locis
1154 1253 1214 1316 illis
1234 1269 1405 1340 tempestas

212 1338 298 1400 haud
317 1333 420 1413 setus,
436 1350 527 1417 atque
550 1335 583 1396 in
604 1335 695 1413 mari,
710 1337 855 1399 retinere.
877 1333 1001 1413 ‘'Nam,
1016 1338 1069 1400 ubi
1092 1359 1148 1420 per
1169 1340 1240 1403 loca
1258 1343 1403 1424 aequalia,

212 1441 245 1488 et
265 1423 369 1486 ²nuda
390 1421 598 1505 gignentium,
615 1437 726 1484 ventus
749 1437 888 1486 coortus
910 1443 1036 1486 arenam
1058 1423 1156 1486 humo
1178 1428 1404 1506 excitavit,·ea

211 1511 325 1592 magni
335 1509 369 1570 vi
379 1508 504 1590 agitata,
513 1505 578 1580 ora,
589 1509 758 1590 oculosque
768 1508 914 1590 implere;
930 1509 973 1570 ita
982 1521 1148 1592 prospectu
1157 1509 1322 1594 impedito,
1334 1535 1404 1574 mo·

210 1596 274 1666 rari
284 1596 354 1656 iter.
378 1593 549 1672 Postquam
556 1590 752 1672 Cyrenenses
763 1593 922 1674 aliquanti
934 1591 1145 1676 dposteriores
1158 1618 1190 1658 se
1200 1619 1267 1658 esse
1276 1599 1405 1676 vident,

210 1697 244 1743 et
262 1681 303 1740 ob
325 1698 392 1740 rem
413 1687 602 1757 corruptam,
617 1677 704 1739 domi
727 1697 830 1759 panas
852 1693 1014 1754 metuunt;
1032 1681 1213 1746 =³criminari
1229 1681 1403 1766 Cardragi-

185 1789 189 1805 ¹
210 1765 334 1828 nienses
347 1778 417 1825 ante
432 1776 556 1843 tempus
571 1762 668 1824 domo
683 1761 861 1846 digressos:
878 1765 1062 1828 conturbare
1078 1787 1144 1829 rem
1157 1788 1165 1830 t
1180 1767 1317 1847 denique
1331 1789 1403 1830 om·
1499 1829 1500 1832 ,

209 1852 263 1930 nia
280 1850 384 1927 malle,
406 1845 501 1931 quim
524 1847 599 1910 vieti
619 1847 715 1911 abire.
760 1847 824 1910 Sed
846 1848 921 1913 eum
943 1851 1048 1913 ePoeni
1072 1853 1163 1914 aliam
1187 1847 1427 1917 conditionem

209 1936 428 2000 tantummodo
439 1953 560 2016 aequam
576 1947 726 2013 peterent,
738 1931 866 1997 fGraeci
887 1935 1072 2018 ‘optionem
1088 1937 1402 2020 Carthaginiensium

209 2023 344 2096 faoiuut;
367 2017 415 2084 uti
431 2021 481 2080 vel
497 2020 552 2094 illi,
567 2015 672 2100 l‘quos
688 2020 764 2082 fines
781 2021 895 2103 populo
910 2043 968 2084 suo
982 2036 1134 2105 peterent,
1147 2024 1190 2085 ibi
1205 2025 1270 2085 vivi
1285 2025 1401 2087 obrue-

209 2125 337 2181 rentur;
359 2107 410 2167 vel
426 2104 535 2166 eidem
552 2104 730 2167 conditione
750 2127 830 2180 sese,
846 2127 941 2192 quem
961 2109 993 2170 in
1013 2108 1117 2171 locum
1128 2109 1260 2186 vellent,
1274 2129 1401 2192 proces-

209 2214 310 2258 suros.
356 2187 499 2264 Philaehi,
519 2188 696 2254 conditione
720 2193 858 2274 probati,
880 2214 989 2274 seque,
1010 2195 1171 2275 vitamque
1200 2216 1289 2257 suam
1320 2195 1402 2277 reip.

209 2280 448 2350 condonavdre3
471 2275 515 2338 ita
530 2273 595 2338 vivi
613 2275 727 2339 obruti.
747 2335 749 2349 ,
772 2276 1048 2362 Carthaginienses
1066 2279 1099 2343 in
1113 2301 1152 2344 eo
1167 2280 1237 2342 loco
1254 2279 1404 2347 Philaenis

653 2448 953 2508 tnruneuarnrlo,

248 2607 460 2692 ¹Cyrenenses
470 2603 597 2667 lentiore
603 2601 710 2685 gradu
714 2614 789 2686 pro·
856 2604 869 2646 ³
893 2605 1057 2691 Postquam
1079 2606 1269 2688 Cyrenenses
1297 2605 1402 2671 rident

205 2705 372 2756 cesserunt.
812 2711 846 2752 se
872 2713 938 2754 esse
966 2689 1120 2776 aliquanti
1143 2695 1343 2775 posteriores,
1370 2705 1401 2758 et

248 2775 350 2839 2(ῥ’ἰιηι
370 2787 477 2838 ventus
499 2775 621 2836 obortus
643 2775 791 2836 excitauit
813 2777 919 2838 timent
933 2798 972 2838 ne
990 2777 1069 2838 domi
1085 2780 1262 2860 puniantur
1284 2779 1318 2840 ai
1334 2801 1400 2842 rern

205 2865 295 2926 inmo
320 2882 447 2924 arenam
469 2857 616 2944 per'loca
635 2861 732 2943 plana
761 2872 791 2922 et
808 2863 980 2944 perditam
1007 2875 1161 2945 ceperunt
1181 2864 1344 2928 criminari
1368 2877 1400 2926 et
1498 2889 1499 2910 2

198 2949 322 3035 plantis
337 2946 473 3010 amnibus
494 2947 653 3023 destituta,
667 2967 702 3008 ea
720 2967 788 3008 are·
808 2967 956 3010 accusare
991 2947 1278 3032 Carthaginienses,
1308 2950 1398 3036 quasi

203 3057 246 3098 na
260 3037 382 3119 agitata
397 3035 511 3118 magni
527 3034 558 3093 oi
573 3033 676 3118 implet
690 3052 745 3096 ora
759 3045 788 3094 et
809 3033 894 3095 doma
913 3033 1051 3118 digressi
1067 3046 1166 3096 essent
1182 3046 1254 3098 ante
1269 3047 1398 3122 ternpus.

203 3121 313 3184 oculas.
756 3133 758 3138 ·

691 3244 695 3253 '
737 3273 853 3324 notra.

234 3447 251 3482 a
266 3428 348 3494 Und]
373 3433 458 3480 locus
471 3431 536 3487 erat,
547 3424 593 3480 ubi
605 3440 690 3491 neque
702 3440 787 3489 mons,
810 3439 914 3478 mensos
924 3425 1023 3486 luisses
1037 3429 1191 3495 atqueaded
1201 3443 1326 3496 magnum
1338 3430 1402 3498 agri

199 3509 288 3566 neque
304 3497 411 3556 dumea,
427 3505 505 3562 prout
523 3493 590 3544 dicit
607 3501 709 3553 auctor,
727 3509 787 3544 eon·
809 3495 1401 3571 partemcivibusdiligentilsutluoriseoiase.

199 3565 372 3629 aspiciebatur:
392 3563 436 3612 ubi
455 3561 569 3626 denique
586 3557 667 3610 facies
685 3575 737 3610 una
757 3565 785 3609 et
829 3574 856 3610 e
867 3559 964 3624 Pani]
983 3562 1306 3627 Carthaginienses,Poeni
1318 3563 1402 3625 dicti,

199 3631 302 3680 eadem.
336 3631 403 3679 Gall.
427 3631 547 3679 Unerare
559 3636 702 3691 compagae.
806 3626 882 3689 quasi
899 3626 1025 3688 Phaenea
1042 3629 1218 3690 Phaenicibus,
1231 3631 1302 3682 unde
1314 3631 1404 3700 origi-

233 3695 251 3742 b
266 3699 322 3754 Qaae
334 3697 392 3758 res]
415 3692 502 3753 ausu,
513 3695 628 3752 scilicet,
640 3691 706 3744 lines
718 3691 784 3740 nulli
807 3707 866 3742 nem
875 3693 1015 3744 ducebant.
1228 3717 1230 3723 ⁴

198 3771 297 3812 essent.
316 3765 378 3816 Quae
388 3760 462 3822 vero,
475 3761 587 3826 inquies,
600 3759 692 3808 litibus
705 3765 784 3808 mate·
838 3758 965 3823 fumet]
977 3764 1150 3825 cyrenenses,
1159 3777 1227 3828 quos
1236 3768 1316 3814 antea
1325 3765 1406 3814 Grae·

198 3829 252 3878 rial
266 3827 410 3892 Multiplex
426 3827 544 3877 nascitur
556 3825 599 3874 vel
616 3839 650 3874 ex
668 3825 727 3873 solt
754 3841 783 3874 u·
804 3829 836 3875 ci
847 3842 906 3876 esse
918 3827 1019 3890 origine
1032 3828 1158 3878 vidimus.
1296 3883 1298 3890 ¹

197 3895 361 3952 risdictione,
369 3894 510 3957 qnialoous
519 3892 571 3942 fuit
579 3889 722 3941 viatoribus
732 3841 783 3942 tie-
838 3909 857 3958 g
871 3893 1015 3957 optionem]
1026 3895 1062 3944 lis
1071 3897 1125 3944 leur
1136 3899 1269 3946 rbnnment
1280 3899 1302 3946 le
1312 3898 1404 3947 choix.

196 3967 354 4030 quentatus:
374 3958 479 4012 libidini
489 3958 553 4011 verd
566 3958 633 4026 quid
650 3958 780 4009 intactum
804 3961 845 4009 lta
855 3961 975 4024 loquitur
986 3962 1130 4012 'l’erentius
1143 3961 1240 4012 alicubi
1254 3963 1281 4012 in
1294 3961 1405 4012 fabula-

197 4043 257 4078 esse
270 4029 375 4092 potest?
803 4039 861 4076 rum
879 4025 1006 4092 prologis,
1020 4025 1082 4077 crim
1100 4028 1176 4089 dicit,
1195 4033 1305 4080 Vestmm
1320 4033 1404 4092 jadi-

231 4109 247 4144 ο
261 4089 544 4158 h'pornionemsast'ant]
559 4090 589 4140 ld
601 4097 652 4150 est,
666 4107 780 4140 convene-
802 4095 944 4158 mrtmsecit,
956 4107 1013 4157 pro,
1029 4097 1097 4145 Vobis
1103 4098 1269 4158 Jadieanrlam
1283 4097 1401 4158 reliquit.

197 4171 296 4218 rnrrnet
310 4167 487 4209 consenserunt.
496 4157 601 4206 Galliis
614 4157 779 4207 convine‘rent.
835 4162 852 4210 h
871 4159 953 4222 Quos]
966 4162 1042 4210 Hunc
1055 4168 1117 4212 nota
1126 4161 1250 4228 loquendi
1264 4161 1400 4212 modum:

230 4226 248 4273 d
258 4223 429 4288 Pristensem]
439 4223 611 4288 lntelligeeos
620 4223 653 4273 ad
662 4222 776 4272 medium
801 4241 894 4278 sensns
907 4234 950 4276 est
959 4227 1144 4292 apertissimus
1154 4250 1160 4286 ς
1172 4228 1220 4278 sed
1231 4228 1341 4296 phrasis
1351 4245 1409 4282 ex-·

195 4303 317 4354 campum
342 4307 393 4341 non
416 4290 578 4354 pervenisse,
600 4289 777 4352 Philaeno‘sque
800 4301 843 4346 tra
854 4293 975 4347 ordinem
986 4293 1204 4348 constructionis.

195 4353 256 4421 plrls
269 4354 348 4422 quim
361 4356 498 4410 dimidiam
516 4366 615 4423 partem
634 4357 734 4408 itineris
750 4373 776 4409 e·
801 4364 805 4374 ·
1107 4389 1108 4392 ,
