3070 5034
192 285 235 357 ro
657 271 908 340 statosrn

190 461 278 532 parte
295 467 402 512 curare
420 446 531 532 jobet:
555 447 622 528 ipse
637 467 710 510 cum
724 447 857 526 libertis,
872 460 906 509 et
919 457 934 485 ²
945 445 1063 510 colonis
1077 458 1206 530 propter
1224 445 1382 530 Aquilam

162 577 169 608 ,
190 534 326 612 adsistit,
337 555 432 616 quam
448 533 528 595 bello
543 531 556 570 ¹¹
568 533 729 596 Cimbrico
742 534 781 597 C.
797 533 924 595 Marius
936 533 968 594 in
979 533 1120 596 exercitu
1133 532 1281 595 habuisse
1293 536 1383 595 dice·

191 624 293 683 batur.
319 619 367 682 At
382 642 423 682 ex
436 619 530 681 alteri
546 636 631 701 parte
648 618 689 680 C.
706 620 877 696 Antonius,
891 619 1045 701 cpedibus
1061 632 1157 701 aeger3
1169 619 1256 702 quod
1273 619 1386 701 praelio

191 707 301 770 adesse
317 706 476 788 nequibat,
492 705 545 766 M.
559 702 575 742 ‘¹
587 704 712 768 Petreio
728 701 833 790 legato
846 705 1021 768 exercitum
1037 707 1200 786 permittit.
1227 715 1241 744 ⁶
1253 705 1313 766 Ille
1329 725 1385 766 co·

190 793 298 855 horres
312 806 485 865 veteranas,
500 811 578 873 quas
594 788 740 855 ftumulti
762 793 855 854 causi
874 789 1113 872 conscripserat,
1128 790 1160 852 in
1176 789 1291 866 fronte,
1307 793 1390 873 post'

193 899 247 940 eas
263 892 411 942 caeterum
427 878 601 940 exercitum
618 878 650 939 iu
664 876 814 940 subsidiis
828 877 921 938 locat.
965 875 1065 959 ¹‘Ipse
1080 897 1164 957 equo
1181 877 1386 954 circumiens,

191 984 449 1045 unumquemque
472 963 649 1040 nominans,
674 963 818 1046 appellat,
843 961 995 1040 hortatur,
1022 977 1123 1044 rogat,
1148 959 1197 1025 uti
1227 962 1386 1024 memine-

192 1051 265 1128 rint,
280 1071 314 1111 se
330 1064 439 1124 contra
450 1049 597 1122 latrones,
612 1049 760 1120 inermes,
775 1068 833 1130 pro
851 1050 966 1130 patriti,
975 1067 1034 1132 pro
1049 1047 1168 1121 liberis,
1182 1067 1240 1131 pro
1256 1051 1319 1110 aris
1335 1062 1386 1110 att

193 1157 254 1216 que
268 1134 347 1196 locis
362 1134 428 1198 suis
443 1150 574 1197 certare.
598 1135 708 1198 Homo
723 1133 879 1210 militaris,
890 1133 979 1216 qudd
991 1134 1126 1218 amplius
1140 1155 1237 1196 annos
1252 1134 1388 1215 triginta

191 1219 371 1295 ”tribunus
387 1235 442 1282 aut
455 1218 646 1302 ipraefectus,
661 1236 716 1283 aut
729 1221 863 1302 legatus,
877 1236 932 1282 aut
942 1237 1057 1304 praetor
1067 1241 1141 1282 cum
1156 1223 1271 1302 magni
1285 1220 1389 1303 gloria

192 1308 228 1368 iu
241 1306 382 1369 exercitu
397 1306 519 1380 fueratt
540 1308 706 1389 plerosque
722 1305 818 1388 ipsos,
834 1305 979 1388 factaque
994 1325 1104 1369 eorum
1120 1304 1215 1368 fortia
1230 1320 1360 1368 noverat
1376 1327 1386 1366 a

194 1414 232 1458 ea
253 1393 541 1467 commemorando,
556 1393 693 1456 militum
716 1392 837 1454 animos
860 1393 1062 1456 accendebat.
1105 1391 1180 1466 Sed,
1198 1391 1265 1468 ubi,
1281 1392 1388 1453 omni-

193 1480 252 1540 bus
277 1477 371 1540 rebus
393 1479 574 1562 exploratis,
597 1478 741 1540 Petreius
766 1479 842 1539 tuba
868 1476 1018 1560 lgsiguum
1044 1479 1110 1554 dat,
1128 1478 1272 1538 cohortes
1297 1475 1392 1560 paul·v

192 1563 282 1627 latim
298 1563 443 1626 incedere
453 1562 558 1646 jubet.
594 1563 685 1625 Idem
701 1558 777 1625 lacit
788 1563 927 1625 hostium
944 1565 1113 1627 exercitus.
1153 1564 1324 1643 Postquam
1342 1561 1388 1626 eb

194 1664 326 1712 ventum
348 1649 501 1724 est,unde
519 1644 537 1708 i
558 1645 753 1712 ¹fereotariis
775 1649 917 1731 praelium
938 1651 1095 1712 committi
1111 1662 1226 1731 posset,
1241 1648 1389 1711 maximo

195 1735 343 1809 elamore,
360 1733 481 1796 infestis
493 1734 591 1816 signis
605 1750 813 1808 concurrunt3
836 1735 898 1819 pila
911 1735 1082 1808 omittunt;
1107 1733 1219 1817 gladiis
1234 1755 1283 1796 res
1303 1735 1391 1817 geri-

195 1835 259 1883 tur.
302 1820 466 1895 Veterani,
481 1821 619 1903 pristitrae
634 1819 761 1884 virtutis
775 1841 944 1898 memores,
959 1824 1102 1884 cominus
1117 1821 1231 1884 acriter
1248 1817 1388 1894 instare;

196 1907 243 1970 illi
257 1905 343 1972 haud
358 1905 464 1971 timidi
479 1907 648 1983 resistunt;
662 1907 801 1972 maximi
811 1907 845 1972 vi
860 1922 1006 1972 certatur.
1030 1908 1156 1972 Interea
1166 1905 1303 1970 Catilina
1315 1925 1389 1970 cum

232 2598 250 2632 a
263 2581 376 2646 Calanta]
397 2583 473 2648 Sylla
485 2581 592 2634 fuerunt
603 2581 715 2643 milites,
724 2582 784 2649 qui·
808 2583 892 2645 inquit
910 2583 1062 2644 Glareanus,
1072 2593 1119 2649 per
1136 2583 1195 2646 lile,
1207 2585 1342 2637 Petreium
1353 2591 1393 2638 air-

198 2649 309 2702 bttscum
317 2651 451 2702 Etruriam
460 2649 733 2701 colendam'divisisse
743 2665 786 2698 an·
807 2655 906 2716 telligo,·
916 2661 963 2715 per
975 2654 1043 2716 Ipse,
1056 2653 1197 2703 Antonium
1208 2672 1214 2700 ι
1224 2657 1293 2716 ‘quod
1302 2656 1396 2710 Lector

198 2717 389 2774 tearidemus;
403 2733 479 2782 quos,
492 2715 554 2768 edm
568 2734 616 2766 suo
630 2712 732 2781 largiits
743 2717 785 2766 usi
806 2723 866 2782 ipre.
884 2722 955 2768 simul
974 2731 1048 2782 otqtte
1062 2722 1150 2783 priora
1166 2737 1220 2770 cum
1237 2723 1394 2782 scortantibus

198 2789 299 2843 essent,
309 2791 338 2833 et
356 2785 436 2833 rebus
453 2785 526 2834 novis
544 2785 692 2844 studerent,
704 2779 785 2835 facile
808 2785 924 2850 conseret,
930 2785 1012 2850 faciit?
1024 2788 1151 2850 intelliget.
1169 2789 1205 2836 At
1214 2785 1275 2836 verti
1284 2787 1396 2836 zanetu-

199 2849 226 2898 in
236 2864 297 2910 suas
306 2857 396 2912 partes
407 2850 521 2901 Catilina
532 2851 662 2908 illexerat.
808 2868 855 2902 us:
873 2855 934 2902 Nou
952 2851 1015 2902 sotis
1032 2855 1119 2902 mirari
1132 2861 1225 2917 posuero
1244 2855 1395 2902 Glureonrtna

233 2913 250 2964 b
266 2914 410 2982 Cimbrica]
422 2917 523 2967 Cimbri
537 2919 682 2968 Germania
693 2916 784 2983 populi
808 2937 850 2983 qua
861 2923 951 2968 astmt
961 2921 1004 2970 tte
1018 2921 1221 2971 commentatores
1232 2923 1354 2980 hesitare,
1364 2933 1396 2969 ae

197 2979 317 3043 ficerunt,
327 2982 439 3034 maximi
459 2985 493 3033 ad
510 2985 721 3050 Septentrionem
740 2983 785 3051 qul
808 2989 935 3036 centrario
952 2995 1082 3051 experiere,
1094 3003 1148 3035 cum
1165 2990 1217 3051 ipae
1230 2983 1313 3054 potiris
1327 2987 1355 3036 in
1367 3003 1396 3036 re

199 3047 262 3099 edm
281 3060 365 3102 terras
380 3067 471 3102 eorum
490 3053 645 3118 inundaisset
662 3067 787 3112 oceanus,
801 3053 926 3118 facillima
948 3057 1076 3104 contrario
1095 3062 1223 3117 exponat.-
1247 3055 1314 3118 Ego,
1331 3054 1396 3104 utri

200 3125 347 3180 querentes
358 3118 436 3168 sedes
453 3125 543 3178 novas,
555 3134 615 3169 cum
628 3119 787 3180 'theutonia
811 3122 935 3170 litoream
958 3125 1107 3178 (Ιίιιιιιιίαιιι,
1125 3129 1173 3182 per
1191 3121 1239 3169 llle
1261 3122 1397 3169 Antoniam

136 3203 138 3210 ·
199 3188 282 3248 atque
292 3184 441 3249 Tigurinis,
452 3185 579 3236 adversus
591 3189 721 3236 Romanos
734 3187 786 3236 bel·
807 3191 910 3252 accipin,
923 3197 971 3253 per
988 3191 1057 3252 lpse,
1073 3189 1221 3243 Porcium,-
1239 3189 1307 3247 quod
1321 3201 1398 3248 unus·

199 3245 255 3298 lum
264 3260 411 3315 gesserunt.
807 3259 910 3318 quiaque
921 3258 1073 3306 mediociter
1090 3255 1200 3303 aneclitus
1214 3255 1398 3304 animadverte·

233 3333 250 3367 c
261 3317 392 3380 Pedibus]
415 3319 509 3369 Mente
519 3316 626 3383 potids;
647 3333 707 3370 nam
720 3336 786 3372 mor·
807 3332 853 3371 ret.
887 3325 1004 3378 Quartus
1017 3319 1137 3380 accedat,
1149 3317 1172 3370 si
1185 3319 1266 3379 votet,
1279 3319 1324 3368 oui
1338 3320 1398 3385 ipse

200 3385 264 3436 bum
275 3383 385 3435 linxisse
401 3385 496 3434 scribit
507 3385 573 3435 Dio:
595 3388 704 3438 Veritus
717 3389 787 3438 scili·
807 3387 924 3438 ridiculo
932 3387 1039 3448 fuerim,
1049 3384 1123 3438 cartd
1134 3386 1231 3446 tertius
1243 3385 1397 3447 Zanchium,

199 3459 253 3513 eet,
262 3468 295 3504 ne
312 3451 362 3504 sibi
375 3453 461 3517 palam
479 3453 580 3518 aliquid
591 3449 608 3504 i
619 3454 731 3506 catilint
743 3457 787 3507 ob·
808 3462 837 3504 et
854 3454 914 3522 ejus
932 3454 1118 3505 confidentiam
1138 3453 1233 3503 multis
1255 3453 1290 3502 de
1308 3454 1398 3503 causis

196 3519 337 3584 jiceretur‚
347 3516 422 3587 quaid
430 3517 621 3585 conjurationis
629 3523 785 3588 partioipem
809 3521 934 3583 demiror,
947 3531 1027 3587 atque
1041 3521 1066 3571 in
1079 3521 1203 3570 Glareani
1215 3531 1306 3586 partes
1319 3518 1396 3570 uuicti

200 3584 285 3634 luisse
296 3602 357 3636 eum
369 3587 527 3638 declararet.
808 3591 936 3640 concedo.

235 3651 424 3716 dPetreio.]1a
436 3655 788 3720 postealegatusl'uitl’sm·
843 3658 859 3708 h
875 3655 1019 3720 Tribunus]
1040 3657 1102 3704 Dux
1117 3653 1192 3705 mille
1210 3652 1356 3715 hominurn,
1373 3656 1400 3704 Ji

200 3716 255 3782 peii
266 3718 290 3766 ln
305 3720 441 3784 Hispanii,
449 3723 487 3772 uti
497 3721 605 3787 quidem
616 3723 787 3786 ridetur,qui
811 3727 905 3774 cotonei.
1104 3739 1107 3744 ·

201 3799 230 3835 se
243 3799 330 3834 rerum
338 3785 521 3849 desperatione
533 3789 669 3838 interemit
682 3789 707 3838 in
719 3789 789 3839 Afri·
843 3791 852 3840 i
865 3789 1024 3853 Prterierat]
1035 3790 1087 3846 Qui
1095 3805 1182 3856 neque
1193 3796 1235 3840 est
1244 3791 1400 3851 imperator,

201 3853 248 3909 et3
267 3853 318 3910 vel,
330 3861 360 3902 ut
373 3853 417 3902 alii
429 3855 531 3916 volunt,
542 3871 603 3906 cum
612 3859 627 3906 J
631 3855 684 3907 uba
695 3865 788 3907 mutuo
810 3871 895 3922 neque
912 3858 1034 3924 legatus;
1053 3857 1101 3907 sed
1115 3859 1166 3922 pro
1179 3863 1299 3919 tempore
1310 3852 1400 3902 ricem

199 3919 308 3970 attinere
318 3919 445 3968 concidit·
811 3932 916 3990 praestat
928 3925 1100 3988 Imperatoris
1114 3930 1160 3974 sut
1174 3921 1302 3972 Praetoris.

234 3985 327 4050 etta]
336 3985 467 4046 Petreius,
842 3991 861 4039 lt
889 3989 1011 4057 Signum]
1034 3993 1155 4042 Bellicum
1175 3989 1222 4038 s'eu
1247 3989 1376 4036 classicum
1387 3990 1413 4043 ,·'

233 4051 249 4102 i
258 4049 391 4115 Titurii]
415 4055 467 4104 Pro
479 4059 603 4107 tamaltts.
622 4057 739 4107 ltaolim
751 4056 790 4107 in·
811 4058 916 4123 signum
936 4071 996 4107 cum
1020 4058 1098 4110 hoste
1120 4053 1318 4122 congrediendi.
1357 4055 1403 4103 rte

202 4117 366 4173 differenter.
696 4137 698 4142 ’
811 4143 898 4175 sennes·
911 4130 936 4175 la
948 4128 1049 4189 cierge.

236 4186 346 4252 ἕψει]
367 4184 466 4238 Mirrlm
478 4188 551 4251 qudm
560 4192 603 4240 tte
612 4194 720 4242 duritem
729 4207 788 4242 tom·
842 4193 852 4242 l
867 4192 1044 4255 Ferentanis]
1069 4192 1207 4249 inierant,
1220 4186 1320 4254 quibus
1332 4185 1401 4237 levis

203 4264 357 4315 mentatoret,
377 4271 408 4306 ac
433 4261 559 4306 contrariu
580 4269 604 4308 et
626 4268 742 4316 tentant,
765 4269 789 4308 et
811 4267 957 4314 amnaturat
972 4261 1072 4324 quique
1085 4258 1174 4322 primi,
1186 4255 1324 4323 quibusvis
1336 4253 1399 4316 telis

203 4327 328 4384 morant
336 4327 363 4374 iu
371 4340 398 4374 re
409 4339 456 4374 aaa
466 4325 592 4394 pdrtrdum
601 4325 709 4391 difficili:
722 4327 788 4391 Ego,
809 4327 912 4378 eminus
925 4325 1025 4387 missis,
1036 4325 1156 4392 prelium
1165 4321 1374 4384 committebant.
1401 4347 1403 4354 ,
