3034 5060
179 253 244 318 tto
642 241 894 306 SALLUSTll

179 421 307 504 uitaque
322 431 414 490 sunt;
429 428 513 480 tanta
527 412 655 500 repenti
671 416 746 478 eoelo
756 417 854 479 missa
867 415 917 478 vis
929 435 1016 498 aquae
1030 411 1157 491 dieitur,
1171 426 1209 478 ut
1220 418 1257 476 ea'
1267 415 1369 482 modo

180 507 332 570 exercitui
354 500 431 566 satis
448 498 605 584 superque
625 501 715 563 foret.
760 498 914 563 Praeterea't
931 503 1123 564 commeatus
1144 522 1200 582 spe
1222 503 1372 582 amplior,

180 593 255 674 quia
268 591 431 662 Numidae,
441 589 532 650 sicuti
544 588 686 669 plerique
701 588 732 648 in
747 589 828 650 noval
838 587 1011 662 deditione,
1021 587 1120 648 officia
1134 595 1148 624 ²
1158 587 1366 652 intenderant.

181 677 345 741 Caeterbm
368 676 494 748 milites,
515 676 678 756 religione,
696 674 802 756 pluvii
824 669 928 756 magis
952 676 1013 747 usi,
1034 694 1133 752 eaque
1156 693 1207 734 res
1228 673 1371 736 multllm

113 768 123 783 ⁸
179 763 293 826 animis
308 782 417 826 eorum
433 759 567 822 addidit.
600 759 685 820 Nam
702 760 761 820 rati
777 780 845 820 sese
860 761 923 820 diis
939 760 1166 820 immortalibus
1181 780 1263 822 curae
1277 781 1369 822 esse:

179 848 254 912 dein
270 849 393 932 posteri
406 847 469 920 die,
479 842 584 907 contri
598 845 959 928 opinionemJugurthae,
971 847 1011 906 ad
1021 843 1154 906 Thalam
1169 847 1368 926 perveniunt.

180 935 353 1019 Oppidani,
375 931 428 1014 qui
451 953 485 992 se
507 933 648 997 locorum
674 930 840 1012 asperitate
863 931 1001 992 munitos
1023 931 1233 1007 crediderant,
1256 933 1371 1012 magnai

179 1017 274 1103 atque
289 1019 413 1081 insolita
428 1039 462 1080 re
476 1018 624 1100 perculsi,
636 1016 734 1078 nihilo
746 1015 877 1097 segnius
890 1017 1007 1078 bellum
1023 1037 1150 1098 parare:
1167 1015 1253 1078 idem
1268 1017 1370 1078 nostri

178 1104 295 1170 facere.
339 1104 403 1166 Sed
418 1124 486 1178 rex,
500 1103 579 1164 nihil
595 1103 664 1186 jam
681 1101 815 1162 Metello
834 1100 1008 1164 binfectum
1025 1103 1166 1176 credens,
1182 1102 1295 1184 quippe
1310 1102 1368 1184 qui

178 1191 286 1254 omnia
301 1211 399 1264 arma,
411 1189 483 1263 tela,
495 1189 575 1265 loca,
586 1205 738 1270 tempora,
748 1189 885 1268 denique
896 1205 1038 1248 naturam
1051 1188 1161 1270 ipsam,
1175 1191 1295 1250 caeteris
1306 1189 1368 1248 im-

178 1277 377 1359 perltantem,
393 1273 545 1336 industrii
564 1275 693 1348 vicerat,
707 1295 780 1335 cum
801 1273 920 1348 liberis,
934 1290 967 1336 et
989 1275 1099 1354 magnai
1120 1287 1206 1354 parte
1228 1275 1372 1355 pecuniae

178 1361 351 1446 exoppido
372 1375 465 1422 noctu
485 1358 644 1444 profugit:
668 1380 770 1441 neque
792 1356 899 1440 postet
920 1359 952 1420 in
975 1357 1038 1420 ullo
1060 1359 1128 1419 loco
1150 1359 1287 1441 amplihs
1307 1361 1370 1428 uoti

178 1449 243 1525 die,
255 1463 309 1510 aut
323 1449 384 1510 uni
398 1460 488 1507 nocte
501 1461 660 1517 moratus;
676 1445 841 1507 simulabat
855 1467 924 1506 sese
938 1443 1057 1529 negotii
1069 1445 1165 1526 gratia
1180 1466 1367 1528 properare:

179 1532 329 1596 eaeteritm
344 1532 556 1616 proditionem
572 1529 714 1606 timebat,
726 1551 821 1612 quam
837 1530 1043 1611 vitare'posse
1059 1529 1211 1592 celeritate
1227 1532 1369 1614 putabat.

179 1614 268 1680 Nam
284 1617 358 1680 talia
373 1616 501 1678 consilia
516 1637 572 1698 per
586 1619 686 1678 otium
702 1631 734 1676 et
748 1625 790 1676 ex
803 1617 1033 1698 opportunitate
1049 1616 1145 1698 ¹capi.
1183 1615 1230 1680 At
1245 1617 1367 1679 Metel·

177 1705 229 1766 lus
250 1703 306 1764 ubi
327 1702 502 1784 oppidanos
523 1701 629 1782 proelio
652 1701 799 1778 intentos,
819 1703 915 1764 simul
935 1703 1088 1784 oppidum
1106 1716 1137 1764 et
1156 1704 1314 1785 operibus,
1335 1716 1371 1764 et

179 1791 251 1850 loco
264 1786 421 1850 munitum
438 1787 536 1860 videt,
550 1788 633 1848 vallo
648 1783 792 1870 fossaque
809 1789 920 1854 moenia
934 1789 1148 1850 circumvenit.
1181 1788 1265 1850 Dein
1277 1789 1373 1871 jubet
1425 1793 1431 1806 '

179 1874 257 1936 locis
278 1883 342 1934 ‘nx
356 1873 444 1954 copii
458 1867 598 1933 maxime
615 1872 738 1934 idoneis
753 1873 861 1934 vineas
875 1875 999 1956 'agere
1012 1871 1191 1956 dsuperque
1206 1896 1259 1936 eas
1275 1896 1371 1957 agge-

179 1980 248 2022 rem
260 1961 368 2044 jacere
381 1983 390 2032 ;
413 1975 445 2019 et
458 1968 576 2038 ‘super
590 1959 910 2040 aggeremimpnsitis
925 1960 1061 2021 turribus
1073 1980 1152 2042 opus
1168 1959 1372 2024 administros

91 2053 95 2060 '
177 2049 285 2110 tutari.
330 2041 449 2106 Contrs
464 2043 530 2105 haee
545 2044 692 2129 oppidani
709 2043 867 2122 festinare,
883 2066 1011 2127 parare;
1030 2067 1155 2128 prorsus
1172 2049 1210 2107 ab
1227 2046 1369 2128 utrisque

177 2131 258 2193 nihil
278 2129 435 2212 reliquum
452 2128 531 2192 fieri.
577 2128 725 2210 Denique
748 2128 897 2206 Romani,
911 2133 1010 2194 multo
1029 2147 1099 2194 ante
1121 2133 1227 2194 labore
1242 2133 1371 2214 preliis·

178 2239 241 2302 que
264 2216 399 2298 fatigati,
413 2228 483 2298 post
502 2215 571 2277 dies
592 2215 809 2297 quadraginta,
825 2219 920 2298 quim
942 2216 982 2278 eb
1003 2233 1132 2280 ventum
1154 2232 1233 2295 erat,
1252 2219 1371 2300 oppido

178 2302 278 2366 modo
293 2301 403 2383 potiti:
427 2299 531 2382 praeda
545 2321 648 2362 omnis
663 2297 681 2362 *a
696 2298 837 2384 perfugis
852 2321 1007 2385 corrupta.
1052 2302 1098 2365 Hi
1118 2321 1286 2386 postquam
1300 2326 1370 2370 mu·
1462 2315 1468 2338 ·

179 2409 251 2450 rum
273 2385 442 2448 ‘arietibus
454 2386 675 2468 leriri,resque
690 2389 756 2450 suis
771 2387 900 2449 afflictas
917 2389 1037 2466 vident,
1051 2410 1175 2467 aurum,
1189 2403 1369 2472 argentum·

179 2496 253 2556 que,
267 2488 300 2534 et
319 2473 390 2548 alia,
406 2493 474 2556 quae
496 2471 598 2555 prima
617 2475 785 2556 ducuntup,
800 2475 931 2536 domum
952 2475 1072 2558 regiam
1090 2491 1302 2558 comportant:
1326 2475 1370 2538 ibi

178 2561 253 2622 vino
266 2573 299 2620 et
312 2559 411 2643 epulis
423 2559 555 2633 onerati,
565 2559 692 2640 illaque,
705 2577 737 2620 et
747 2559 892 2636 domum,
903 2574 935 2621 et
949 2575 1050 2622 semet
1063 2561 1129 2643 igni
1143 2576 1370 2642 corrumpunt,

180 2661 213 2707 et
226 2667 303 2726 quas
319 2643 394 2705 vieti
416 2645 455 2704 ab
474 2645 616 2705 hostibus
631 2665 733 2727 poenas
748 2659 934 2722 metuerant,
949 2667 1001 2707 eas
1024 2646 1083 2729 ipsi
1100 2648 1239 2708 volentes
1254 2667 1369 2729 pepen-

179 2731 271 2791 dere.
314 2727 378 2790 Sed
399 2729 516 2809 pariter
538 2749 611 2791 cum
631 2731 719 2810 capti
742 2729 843 2790 Thali
864 2731 972 2812 legati,
996 2753 1037 2794 ex
1060 2732 1177 2814 oppido
1199 2733 1308 2812 Lepti,
1328 2733 1371 2800 ad

182 2813 353 2882 Metellum
365 2827 533 2890 venerant3
546 2829 673 2880 orantes
688 2811 735 2878 uti
751 2817 944 2896 presidium,
959 2817 1195 2903 perlectumque
1210 2818 1251 2880 eb
1265 2820 1371 2882 mitto-

623 2987 923 3039 lNTERl'BE'l'ATlO.

181 3121 184 3130 '
222 3123 235 3160 ¹
259 3121 340 3188 Nam
367 3118 523 3202 Jugurtha
549 3119 666 3182 sciebat
689 3119 765 3186 talia
829 3119 1068 3205 ²Det'ndejrtbet
1081 3124 1186 3190 vinens
1195 3129 1373 3206 promoueri

180 3206 309 3302 consilia
329 3206 397 3296 capi
413 3216 474 3297 per
489 3205 583 3270 otium
604 3220 634 3267 et
655 3227 693 3266 ex
713 3217 764 3288 op·
788 3205 906 3272 inlotis
919 3209 1182 3292 araximejdoneis
1195 3232 1234 3274 ex
1248 3214 1349 3296 copiti.

175 3301 379 3380 portunrtatr.

716 3464 833 3514 NOTAE.

215 3631 232 3672 a
243 3616 421 3679 Intendamus]
444 3617 479 3666 lle
490 3633 520 3664 en
532 3619 632 3666 avaient
640 3617 697 3684 snit
707 3619 764 3680 plus
787 3615 814 3664 in
825 3615 902 3678 locis,
913 3632 961 3681 pro
973 3618 1074 3676 ratione
1087 3618 1155 3671 situs
1167 3626 1196 3672 et
1206 3621 1373 3688 regionibus,

180 3684 254 3754 pu’ort
271 3685 300 3734 de
320 3686 373 3729 leur
391 3701 422 3734 ert
437 3688 505 3733 avoir
522 3685 647 3738 dertonae.
681 3685 765 3746 Supra
789 3683 902 3734 maxime
914 3686 1022 3734 idoneis.
1223 3679 1225 3693 '

179 3749 298 3807 modum,
310 3743 350 3795 utl
369 3748 396 3798 in
412 3764 478 3800 novo
497 3750 608 3814 imperio
621 3751 700 3810 solet,
710 3747 765 3798 offi·
818 3751 838 3798 d
853 3751 1004 3816 Superque]
1028 3755 1078 3801 Pro
1091 3757 1159 3804 ultro
1174 3755 1291 3820 positum
1304 3755 1375 3804 arbi·

179 3816 244 3866 eiosi
257 3813 370 3862 fuerant.
786 3823 858 3884 tror:
876 3831 913 3866 rra
932 3829 959 3868 ut
977 3835 1044 3882 pune
1058 3822 1148 3870 vineas
1164 3822 1279 3872 latentes
1290 3821 1374 3871 admi·

216 3883 232 3930 b
251 3875 395 3946 bifestum]
421 3880 451 3929 ld
467 3887 521 3942 est,
542 3885 613 3942 Quod
627 3882 645 3932 d
662 3884 765 3932 Metello
786 3884 873 3944 nistri,
884 3894 982 3934 terram
1000 3895 1028 3935 et
1042 3885 1094 3936 alia
1110 3887 1220 3952 propibs
1234 3886 1375 3954 murosja·

173 3950 236 4021 'fieri
245 3965 292 3998 non
299 3943 486 4011 postraverunt
497 3949 565 3999 illud
575 3945 763 4014 Irrseetumcbm
786 3961 884 4012 terent,
895 3952 929 4000 ad
943 3954 1157 4008 constituendum
1168 3971 1302 4022 aggerem.
1317 3956 1376 4005 Ali·

181 4017 290 4072 t'ormarp
302 4013 396 4095 induat
407 4017 544 4076 preteriti,
556 4018 696 4070 maximam
710 4020 762 4066 vim
786 4026 828 4066 ter
837 4017 892 4080 alii,
905 4018 1002 4084 quibus
1015 4037 1064 4072 non
1080 4023 1217 4072 assentior:

182 4083 290 4134 nabet·
819 4099 835 4136 e
854 4083 960 4152 Sapen]
981 4089 1041 4148 ,lam
1064 4098 1138 4154 siper
1157 4091 1268 4156 vulgato
1292 4103 1375 4141 sensu

215 4164 229 4196 o
242 4151 288 4196 Es
300 4143 393 4211 eopia]
411 4148 469 4195 Non
481 4147 550 4196 dicit
563 4145 695 4208 absolutb,
705 4147 762 4198 loca
786 4153 901 4216 positum
914 4161 965 4204 est.

183 4213 265 4276 {aisse
276 4213 389 4272 maxims
403 4212 512 4274 idonena
531 4215 579 4273 sed
591 4218 679 4270 tineas
692 4225 763 4270 notas
817 4215 998 4282 Maecilius]
1023 4221 1101 4274 Aries
1123 4222 1246 4284 maehina
1266 4220 1318 4274 luit
1337 4221 1373 4280 ad

265 4313 269 4322 ·
786 4285 1059 4346 subruendosmutns.
