3034 5054
203 331 267 399 ns
552 425 555 430 Ι
628 325 953 403 nscnnmnmo

201 504 333 592 qursrim
354 502 450 569 veiim
466 501 545 568 mihi
566 504 763 588 respmdeat,
777 502 943 588 numquid,
958 521 1037 586 quos
1055 500 1200 588 protulit,
1212 505 1395 592 Scipiones,

199 605 234 656 et
255 591 402 654 'Metelli
424 587 519 654 banti
540 588 657 654 fuerint
677 606 733 654 aut
753 589 920 674 opinionis,
934 603 988 652 aut
1008 590 1126 672 gloriae,
1143 589 1239 676 quim
1259 617 1315 658 eos
1337 619 1389 660 res

201 690 296 762 gesta
310 696 387 752 suae,
401 689 433 740 et
446 674 512 740 vita
532 673 784 740 innocentissimi
805 689 873 739 acta
887 677 1142 740 commendavit?
1168 677 1268 754 Quod
1283 681 1310 744 si
1326 683 1389 746 hoc

199 763 262 827 luit
274 763 336 827 illis
350 762 475 826 initium
488 761 635 842 nominis,
649 777 681 828 et
695 761 876 845 dignitatisr
892 782 948 824 cur
961 783 1023 826 non
1039 783 1128 846 seque
1144 765 1182 827 de
1196 766 1288 828 nobis
1303 767 1389 830 exis-

198 848 339 928 timetur,
353 847 444 934 cujus
460 860 496 910 et
514 867 566 910 res
588 862 683 927 gestae
702 846 837 930 illustres
852 860 935 924 sunt,
947 861 981 911 et
993 848 1061 911 vita
1074 849 1277 933 integerrime
1293 851 1388 916 acta?

201 935 303 1010 Quasi
312 932 388 998 verri
400 947 435 996 tu
449 932 493 996 sis
504 932 542 996 ab
556 930 618 995 illis
628 931 717 1009 viris,
725 932 862 1008 Sallusti,
873 933 978 997 ortus!
995 933 1135 1008 Quodsi
1149 937 1388 1014 esses,nonnul·

198 1021 246 1084 los
257 1021 326 1104 jam
340 1033 401 1083 tnae
415 1015 618 1099 turpitudinis
632 1018 764 1101 pigeret.
808 1017 880 1099 Ego
895 1019 975 1078 meis
995 1020 1168 1100 majoribus
1181 1022 1293 1085 virtute
1311 1043 1388 1087 mea

197 1104 339 1194 praeluxi,
352 1103 411 1182 uti,
421 1103 448 1165 si
462 1101 553 1186 priris
567 1102 632 1165 noti
642 1122 704 1166 non
719 1099 846 1179 fuerint,
860 1098 941 1164 ime
955 1103 1107 1186 accipiant
1122 1104 1247 1168 initium
1261 1127 1386 1170 memo·

196 1193 252 1258 rire
264 1211 347 1255 suae:
368 1205 405 1252 tu
425 1187 489 1252 tuis
504 1188 578 1264 viti,
593 1184 688 1270 quim
709 1188 842 1272 turpiter
862 1186 968 1268 egisti,
982 1208 1112 1272 magnas
1133 1190 1273 1254 offudisti
1293 1206 1383 1256 tene·

196 1281 288 1352 bras3
304 1290 340 1340 ut
353 1274 460 1352 etiam,
470 1273 498 1337 si
512 1271 629 1338 fuerint
639 1273 759 1358 egregii
770 1274 867 1349 cives,
878 1269 963 1337 certe
975 1274 1117 1338 venerint
1131 1275 1163 1338 in
1178 1277 1385 1340 oblivionem.

198 1363 307 1439 Quare
321 1361 385 1426 noli
396 1359 476 1423 mihi
491 1359 636 1444 antiquos
646 1359 732 1424 viros
746 1358 913 1442 objectare.
943 1357 1051 1423 Satiirs
1066 1374 1114 1424 est
1128 1361 1224 1436 enim,
1235 1383 1287 1426 me
1303 1363 1386 1427 meis

195 1451 289 1516 rebus
309 1447 405 1532 gestis
419 1446 541 1524 florere,
555 1466 650 1528 quam
668 1445 826 1530 majorum
843 1444 989 1527 opinione
1004 1444 1081 1520 niti;
1104 1462 1136 1510 et
1153 1447 1196 1509 ita
1212 1447 1331 1527 vivere,
1346 1463 1386 1513 ut

195 1557 257 1621 ego
271 1535 332 1598 sim
342 1533 476 1618 posteris
489 1531 570 1594 meis
582 1530 752 1595 nobilitatis
766 1529 903 1606 initium,
914 1545 946 1593 et
958 1531 1081 1594 virtutis
1096 1534 1287 1616 exemplum.
1312 1533 1386 1598 Ne·

195 1643 258 1706 que
271 1641 323 1684 me
337 1639 411 1684 cum
425 1617 466 1681 iis
480 1615 614 1681 conferri
625 1618 728 1695 decet,
742 1615 779 1678 P.
796 1615 835 1678 C.
850 1616 904 1699 qui
922 1616 990 1701 jam
1005 1618 1214 1696 decesserunt,
1226 1619 1384 1702 omnique

195 1705 271 1771 odio
290 1714 455 1782 errent-et
472 1700 609 1774 invidit;
632 1702 690 1764 sed
712 1721 785 1764 cum
806 1700 858 1780 iis,
873 1703 930 1785 qui
951 1721 1072 1764 mecum
1087 1698 1147 1764 uni
1164 1703 1197 1764 in
1216 1703 1383 1786 republici

194 1790 309 1854 versati
321 1799 404 1850 sunt.
447 1785 510 1849 Sed
521 1784 675 1850 siluerim
689 1799 745 1850 aut
758 1786 791 1848 in
805 1786 976 1850 honoribus
990 1787 1131 1872 petendis
1144 1787 1240 1850 nimis
1253 1789 1384 1852 ambiti-

194 1897 291 1948 osus;
314 1874 392 1959 (non
410 1869 491 1936 hanc
507 1870 580 1935 dico
598 1871 780 1956 popularem
800 1873 1015 1949 ambitionem,
1030 1872 1120 1956 cujus
1141 1893 1192 1935 me
1206 1873 1383 1956 principem

195 1961 365 2034 confiteor;
387 1959 445 2022 sed
457 1957 542 2021 illam
556 1958 764 2042 pemiciosem
779 1953 886 2022 contri
900 1959 998 2042 leges,
1012 1959 1103 2042 cujus
1118 1957 1240 2043 primos
1252 1960 1382 2023 ordines

174 2061 176 2068 ’
194 2045 360 2111 Sallustius
380 2041 487 2126 duxit)
503 2057 558 2106 aut
578 2043 612 2108 in
634 2041 779 2128 gerendis
801 2043 1054 2128 magistratibus3
1077 2059 1130 2108 aut
1148 2043 1181 2106 in
1198 2043 1381 2128 judicandis

193 2130 356 2198 maleficiis
370 2141 435 2192 tam
450 2149 595 2204 severum
610 2143 665 2193 aut
678 2129 712 2193 in
724 2129 839 2194 tuendi
851 2128 1010 2213 republict
1022 2143 1087 2192 tarn
1102 2129 1245 2212 vigilans,
1258 2127 1379 2212 cquim

194 2234 230 2283 tu
244 2213 502 2300 proscriptionem
518 2235 631 2289 vomer
653 2215 750 2280 credo
762 2213 852 2298 qudd
866 2237 927 2278 non
940 2235 1050 2278 omnes
1064 2214 1111 2277 tui
1127 2215 1245 2278 similes
1262 2215 1381 2280 incolu-

193 2324 263 2367 mes
278 2303 311 2366 in
324 2301 383 2364 hac
396 2300 473 2363 urbe
488 2298 651 2384 vixissent.
681 2300 729 2362 At
743 2315 859 2382 quanto
875 2300 1004 2362 meliore
1018 2302 1089 2362 loco
1103 2301 1277 2383 respublica
1290 2316 1380 2365 tuen-

196 2391 238 2454 da
257 2400 364 2465 staret,
378 2384 405 2448 si
420 2400 466 2462 tu,
479 2405 535 2468 par
548 2405 584 2448 ac
598 2383 706 2462 simili,
718 2386 920 2448 scelestorum
934 2385 1064 2462 civium,
1074 2381 1139 2462 ,uni
1158 2385 1307 2448 cumillis
1322 2388 1379 2450 ad·

194 2487 376 2538 numeratus
389 2469 498 2535 esses?
515 2468 570 2534 An
585 2491 646 2554 ego
660 2484 734 2534 tunc
749 2469 830 2534 salso
845 2469 967 2555 scripsi,
983 2471 1099 2546 Cedant
1112 2492 1199 2535 armo
1213 2483 1308 2554 togo;
1322 2473 1378 2554 qui

194 2575 319 2645 togatus
334 2570 480 2634 armatos,
494 2572 526 2619 et
540 2575 615 2639 pace
634 2556 762 2633 bellum,
775 2557 935 2640 oppressi3
959 2555 1015 2620 An
1035 2549 1113 2620 illud
1130 2554 1279 2620 mentitus
1294 2579 1379 2637 sum,

194 2647 397 2713 Fortunatam
416 2663 463 2706 me
482 2643 602 2706 consule
615 2642 763 2713 Romam
785 2643 839 2724 qui
859 2656 980 2705 tantum
1003 2642 1184 2706 intestinum
1202 2643 1330 2720 bellum,
1345 2657 1378 2708 et

195 2729 404 2796 domesticum
422 2727 510 2792 urbis
530 2729 721 2808 incendium,
733 2727 893 2792 exstinxi?
918 2727 1035 2812 Neque
1054 2743 1086 2792 te
1106 2726 1152 2791 tui
1169 2727 1266 2811 piget,
1280 2728 1378 2792 homo

194 2815 365 2892 levissime,
379 2811 456 2878 crim
477 2833 515 2876 cs
535 2811 653 2896 culpas,
667 2831 737 2896 quse
760 2814 792 2876 in
813 2813 952 2877 historiis
966 2814 1046 2876 mihi
1067 2813 1173 2898 gloriae
1188 2813 1296 2876 ducis?
1318 2815 1377 2878 An

194 2901 317 2986 turpius
331 2913 389 2977 cst,
400 2899 438 2961 P.
454 2897 493 2964 C.
509 2897 695 2962 scribentem
710 2899 847 2978 mentiri,
861 2895 955 2981 quim
971 2900 1059 2963 illum
1074 2894 1176 2982 polim
1191 2898 1251 2960 hoc
1265 2899 1377 2962 ordine

193 2985 369 3053 dicentem?
385 2985 471 3048 Nam
486 2985 571 3068 quod
585 3005 689 3050 meam
701 2981 846 3048 “oetatem
860 2984 1052 3069 increpuisti,
1065 2983 1189 3050 tantitm
1205 3005 1256 3046 me
1268 2986 1377 3049 abesse

194 3089 271 3158 puto
286 3073 324 3136 ab
338 3069 544 3155 impudicitiis,
554 3085 704 3153 quantum
718 3083 754 3134 tu
768 3067 871 3134 obesi
886 3070 1047 3154 pudicitia.
1090 3069 1154 3132 Sed
1167 3069 1245 3151 quid
1258 3091 1317 3154 ego
1331 3071 1375 3134 de

193 3176 225 3223 te
240 3159 329 3242 plura
342 3156 474 3259 querar?
491 3156 581 3230 Quid
595 3155 679 3219 enini
695 3156 819 3218 mentiri
834 3172 923 3240 turpe
939 3157 1048 3236 duces,
1058 3157 1113 3240 qui
1129 3155 1207 3218 mihi
1223 3175 1316 3220 ausus
1328 3156 1374 3218 sis

193 3244 403 3332 eloquentiam
417 3237 465 3308 uti
477 3241 590 3310 vitium
601 3240 759 3333 objicere?
773 3240 875 3328 Cujus
887 3261 1010 3327 semper
1020 3261 1134 3306 nocens
1144 3241 1260 3326 eguisti
1269 3252 1374 3326 patre·

715 3535 834 3586 NOTAE.

191 3767 310 3830 Arpinas,
327 3769 370 3828 qni
390 3769 495 3831 egregio
519 3775 559 3816 eno
579 3769 673 3816 sirone
692 3780 771 3816 onnes
789 3765 922 3831 praecipue
934 3779 982 3832 per
998 3765 1082 3832 ipsius
1098 3765 1219 3819 Sallustii
1235 3763 1379 3851 historbnp

191 3835 295 3892 Paulos,
311 3833 408 3893 Polior,
428 3835 560 3898 Scipiones,
576 3836 709 3898 aspersisti,
725 3835 770 3883 lec.
788 3831 954 3884 clarissimus
965 3833 1058 3886 evasit·
1346 3862 1348 3870 ν

190 3901 343 3950 Ciceronem
365 3901 514 3963 reperirem
535 3915 650 4016 eumtpue
669 3897 769 3965 signiti-
823 3900 920 3952 beloti
929 3899 1053 3968 suerint]
1070 3898 1103 3952 Id
1113 3907 1164 3960 est,
1174 3900 1243 3960 antri,
1254 3903 1373 3955 dominnm

190 3981 251 4017 care
266 3964 391 4024 voluisse,
402 3965 481 4028 prave
494 3975 522 4017 et
531 3967 605 4032 inept
636 3965 668 4016 sb
681 3965 770 4016 sdver-
790 3970 1001 4029 existimationem,
1024 3979 1069 4018 ant
1094 3971 1208 4034 glorian,
1222 3971 1373 4032 'consequuti

189 4034 258 4086 sorio
270 4029 461 4096 facturn,qudd
471 4033 524 4084 sibi
534 4033 655 4086 Ciceroni
665 4032 768 4084 Romuli
783 4033 892 4098 forment.

190 4115 284 4151 nomen
295 4098 462 4164 imposuerit:
483 4101 568 4168 qussi,
581 4110 611 4151 ut
627 4099 714 4150 clarus
726 4098 769 4150 fie-
822 4101 948 4164 chorn]
960 4103 1010 4151 Pro
1024 4103 1095 4165 qnod.
1118 4103 1187 4162 Quod
1194 4123 1206 4158 ,s
1224 4103 1310 4161 Tnerr',
1320 4099 1373 4152 sci·
1428 4163 1430 4168 ἲ

190 4175 231 4218 ret
240 4181 348 4218 necesse
360 4164 495 4226 libuerat,
505 4167 547 4217 rel
558 4167 671 4234 majores
684 4166 769 4218 cleros
788 4165 862 4226 licet,
882 4169 1074 4234 Rempnbllcom,
1093 4179 1129 4230 tn,
1150 4171 1238 4232 crispo
1259 4171 1371 4250 &lium

190 4234 337 4294 ostendere,
350 4232 392 4283 vel
403 4233 543 4283 Romulum
553 4249 619 4284 esse.
788 4251 863 4284 vocas
886 4239 1092 4300 peremptionem
1126 4235 1276 4286 Relativunt
1297 4249 1371 4299 qamt

224 4298 372 4363 amerelli]
390 4297 469 4351 Forte
489 4299 575 4360 istius,
586 4295 675 4366 petiis
687 4297 765 4365 qnlm
789 4315 849 4351 cum
859 4305 1059 4366 proscriptionem
1067 4300 1226 4353 construxit.

189 4365 268 4420 Pauli
281 4375 328 4422 sut
344 4366 426 4431 l'nlii,
439 4366 597 4431 mentionem
608 4367 686 4428 §scits
704 4367 769 4434 qnia
819 4365 984 4434 datorem]
995 4368 1092 4434 idest,
1102 4371 1295 4434 adornantium
1357 4399 1362 4406 -
