3034 5054
424 345 427 361 ι
525 308 588 372 DE
606 307 707 372 REP.
725 307 1034 374 ORDINANDA.
1312 317 1374 375 227

102 489 105 496 ’
185 496 220 544 te
232 480 364 558 civibus,
378 479 469 543 sicuti
480 479 632 554 hostibus,
644 477 691 542 uti
704 481 821 554 uident,
832 481 1015 544 defluxere:
1032 479 1122 564 pauci
1134 477 1291 557 resistere,
1300 481 1371 563 qui-

185 569 245 630 bus
262 568 362 650 majus
382 567 483 628 otium
502 567 533 629 in
550 567 669 640 castris,
684 564 778 648 quim
799 566 921 638 Romae,
936 567 1077 630 futurum
1094 583 1178 628 erat:
1201 576 1306 628 ²tunta
1322 567 1371 656 vis

185 653 377 716 creditorum
390 653 598 734 impendebat.
646 652 709 714 Sed
724 654 765 713 ob
780 653 907 714 easdem
923 671 1043 729 causas,
1058 653 1194 714 immane
1210 652 1296 714 dictu
1312 665 1371 727 est,

185 737 292 819 quanti
308 753 340 799 et
360 733 453 818 quim
470 738 560 800 multi
584 741 729 799 mortales
751 733 858 820 posteri
880 739 920 799 ad
945 737 1131 821 Pompeium
1149 735 1349 800 discesserint
1359 764 1371 812 3

86 887 92 896 ,
184 844 296 906 eoque,
312 843 368 906 per
386 844 478 884 omne
500 839 624 906 tempus
646 823 729 897 belli,
745 826 833 905 quasi
855 843 955 899 sacro,
969 839 1062 904 atque
1079 820 1282 906 lismonam,
1297 821 1370 884 fano

180 907 342 972 ‘debitores
358 907 417 970 usi.
462 908 575 993 Igitur,
592 910 738 989 quoniam
756 909 812 971 tibi
826 908 936 970 victori
953 909 992 970 de
1008 909 1089 970 bello
1105 922 1196 988 atque
1213 928 1288 988 pace
1303 907 1378 989 agi.

183 996 315 1056 tandum
331 1011 399 1067 est;
421 993 480 1056 hoc
501 991 547 1057 uti
570 994 725 1057 cciviliter
741 995 889 1076 deponas,
906 995 956 1055 illa
977 1008 1012 1056 ut
1026 991 1120 1074 quim
1137 992 1324 1076 justissima,
1338 1005 1371 1056 et

180 1079 330 1142 diuturna
343 1079 403 1152 sit;
426 1080 466 1142 de
480 1093 511 1142 te
533 1081 600 1162 ipso
615 1079 767 1163 primum,
788 1076 884 1161 dquia
901 1081 1130 1161 compositurus
1151 1100 1195 1153 es,
1210 1079 1299 1160 quod
1313 1099 1370 1160 op-

180 1164 297 1226 timum
312 1162 396 1226 factu
419 1179 478 1238 est,
493 1166 649 1228 existima.
694 1164 854 1247 Equidem
870 1185 930 1246 ego
945 1179 1055 1227 cuncta
1070 1163 1200 1246 imperia
1219 1163 1371 1242 crudelia,

181 1247 286 1331 tnagis
307 1250 428 1328 acerba,
445 1247 540 1332 quim
557 1253 715 1326 diuturna,
730 1249 881 1322 arbitror;
902 1269 1004 1331 neque
1023 1245 1247 1330 quemquami
1262 1248 1374 1314 multis

180 1336 388 1410 metuendum
410 1357 489 1411 esse,
511 1336 587 1418 quin
610 1338 747 1398 adeum
769 1355 810 1396 ex
832 1334 938 1397 multis
958 1335 1095 1397 formido
1118 1333 1252 1396 recidat:
1274 1342 1371 1397 eeum

153 1419 280 1500 ‚vitam
302 1419 418 1484 bellum
441 1436 590 1486 aetemum
610 1439 703 1503 atque
726 1441 838 1502 anceps
860 1441 988 1502 gerere:
1011 1417 1178 1501 lquoniam
1196 1439 1298 1500 neque
1313 1419 1369 1482 ad·

180 1525 307 1584 versus,
318 1517 419 1588 neque
430 1509 474 1570 'ab
489 1521 588 1588 tergo,
603 1522 656 1568 aut
676 1506 822 1582 lateribus
839 1519 926 1568 tutus
945 1507 1009 1580 sis;
1031 1525 1155 1587 semper
1170 1504 1202 1566 in
1219 1504 1370 1586 periculo,

100 1666 105 1676 .
176 1605 235 1653 aut
252 1607 339 1655 metu
363 1590 473 1672 agi-tes.
520 1589 637 1652 Conni
660 1591 714 1672 qui
736 1591 938 1672 benignitate,
959 1608 992 1654 et
1013 1591 1177 1654 clementii
1200 1588 1370 1673 imperium

180 1676 408 1756 temperavere,
424 1675 473 1741 his
484 1677 556 1738 laeta
567 1692 599 1738 et
610 1678 743 1740 candida
757 1675 863 1738 omnia
875 1677 959 1750 visa3
975 1676 1070 1740 etiam
1085 1675 1190 1738 hostes
1205 1674 1370 1757 aequiores‚

139 1823 140 1826 ,
179 1779 275 1842 quam
289 1771 304 1810 ὅ
313 1760 383 1822 aliis
399 1761 494 1821 cives.
519 1759 574 1820 An
589 1762 663 1840 lqui
680 1781 729 1820 me
745 1761 795 1820 bis
809 1762 903 1822 dictis
915 1777 1128 1843 corruptorem
1141 1761 1281 1822 victoriae
1294 1776 1369 1838 tuae,

179 1844 336 1926 nimisque
363 1844 394 1904 io
418 1842 515 1905 victos
537 1845 616 1904 bona
639 1845 798 1906 voluntate
820 1845 1007 1925 praedicent?
1033 1843 1184 1908 hScilicet
1205 1844 1294 1927 quod
1320 1845 1384 1923 ea,

165 1951 248 2011 ,quae
260 1930 398 1992 externis
413 1927 601 2004 nationibus,
616 1930 724 1990 narunt
743 1928 896 2004 hostibus,
912 1949 1031 2009 nosque
1048 1928 1246 2011 majoresque
1269 1932 1369 1994 nostri

178 2011 260 2096 saepi
274 2012 424 2091 tribuere,
439 2035 477 2075 ea
492 2013 613 2076 civibus
627 2014 730 2076 danda
746 2013 897 2088 arbitror3
913 2033 1014 2096 neque
1031 2013 1190 2076 barbarico
1200 2016 1268 2075 ritu
1282 2017 1368 2080 caede

178 2101 308 2176 caedem,
322 2099 472 2182 sanguine
496 2100 694 2182 sangninem,
709 2099 875 2181 expianda.
920 2100 995 2160 2An
1018 2099 1080 2173 illa,
1096 2120 1166 2180 quae
1184 2097 1278 2182 paulo
1295 2117 1367 2164 ante

177 2185 238 2248 hoc
259 2187 374 2248 bellum
395 2185 427 2246 in
450 2184 510 2246 Cn.
533 2184 719 2265 Pompeium
738 2185 963 2266 victoriamque
987 2183 1144 2267 Syllanam
1165 2183 1365 2268 increpaban-

178 2284 241 2352 tur,
259 2269 375 2336 oblivio
396 2269 543 2334 abstulit?
566 2267 777 2350 iDomitium,
796 2270 985 2349 Carbonem,
1008 2272 1155 2347 Brutum,
1173 2270 1251 2336 alios
1272 2269 1364 2337 iren-

622 2451 919 2507 INTERPRETATIO.

218 2619 298 2702 1Αη
321 2620 417 2705 aliqui
436 2620 605 2704 predicent
625 2641 671 2682 me
693 2641 758 2682 cor·
824 2618 898 2680 2Αιτ
912 2619 1028 2680 oblivio
1037 2619 1173 2699 abstulit,
1181 2619 1363 2701 Domitium,

175 2718 331 2854 ίνέίξξζνὲηι
364 2728 429 2768 esse
456 2707 593 2778 victorie
623 2718 681 2770 tuae
710 2707 760 2768 liis
783 2705 957 2802 Carbonem,
974 2704 1037 2769 &n

715 2973 831 3026 NOTAE.

208 3082 392 3147 amanteum]
410 3085 440 3134 Id
451 3090 502 3146 est,
516 3087 760 3152 quiasaeneratormrl
778 3085 873 3138 bellum
888 3092 1011 3135 arternum
1024 3099 1091 3134 esse.
1126 3081 1243 3148 Optimi,
1254 3091 1285 3136 ut
1300 3095 1361 3140 sunt

173 3156 335 3216 impotentiam
347 3151 445 3218 experti
455 3164 541 3202 essent.
602 3188 607 3198 .
777 3153 844 3218 ejus,
856 3151 1057 3216 propemodum,
1067 3151 1162 3200 omnis.

207 3219 223 3266 b
236 3219 386 3283 dispoliare]
408 3219 439 3268 Id
456 3227 507 3280 est,
518 3236 552 3268 eor
563 3235 610 3282 quo
627 3221 756 3276 obstrdisse
809 3219 824 3269 f
836 3219 972 3280 erom'om]
995 3219 1128 3282 Intelligit
1142 3231 1201 3266 cum
1214 3234 1246 3268 eo
1259 3235 1311 3284 quo
1324 3221 1361 3270 lo·

173 3290 303 3348 quicquam
314 3287 479 3352 nesnrsucrit.
503 3285 571 3335 Vult
582 3283 711 3350 plurimos
722 3287 755 3336 ad
776 3286 878 3351 quitur,
890 3286 956 3334 nihil
972 3299 1078 3348 sperare
1095 3299 1171 3348 posse
1190 3283 1215 3331 in
1232 3283 1360 3346 futurum,

172 3352 328 3416 Pompeium
345 3361 469 3417 tanquam
482 3351 516 3402 sd
533 3353 633 3418 asylum
647 3367 756 3419 concur·
775 3353 861 3400 omnia
871 3353 964 3402 timere
976 3365 1011 3403 ex
1022 3351 1165 3415 praeterito,
1176 3356 1205 3400 et
1213 3353 1239 3400 in
1249 3367 1361 3416 prmsen·

173 3416 249 3466 risse.
386 3474 388 3478 ¹
777 3420 797 3468 ti
811 3419 946 3468 turbatum
961 3434 1028 3470 esse.

207 3499 223 3532 c
240 3483 352 3534 cisilrer
365 3482 494 3548 deponas]
507 3483 614 3534 Duabus
626 3484 700 3534 hisce
712 3501 755 3534 vo·
808 3485 920 3550 galliis]
932 3486 989 3534 lllis
997 3498 1103 3548 nempe,
1113 3483 1159 3549 qui
1171 3497 1218 3548 per
1231 3483 1357 3544 sevitium

172 3548 258 3610 cibus,
267 3562 324 3616 quse
335 3552 460 3616 proponit
476 3551 664 3616 propemodum
676 3551 755 3602 coufi-
778 3551 915 3615 imperium
925 3551 1052 3599 obtinent.

171 3615 212 3668 cit
224 3617 264 3670 rit
275 3615 377 3670 suntme
391 3619 526 3682 politicus.
551 3617 702 3668 Curandum
711 3629 753 3668 est
808 3619 825 3666 h
840 3617 958 3680 Scilicet]
981 3613 1084 3670 lroutce
1103 3612 1153 3662 sibi
1172 3629 1206 3664 ex
1224 3622 1300 3678 parte
1313 3619 1359 3668 ud·

171 3683 241 3732 enim
254 3690 285 3732 ut
298 3683 368 3734 bello
380 3692 419 3740 tu,
429 3701 478 3736 non
491 3685 567 3744 alius,
580 3685 656 3733 finem
670 3687 752 3748 inrpn-
775 3685 947 3734 versariorem
970 3682 1037 3734 illud
1057 3679 1170 3746 afflugit,
1191 3683 1264 3746 quod
1284 3683 1357 3748 ipsos

171 3765 227 3806 nas,
241 3747 322 3813 idque
333 3765 424 3800 revera
438 3759 467 3802 et
484 3751 552 3802 bonai
566 3751 618 3800 lide
629 3760 752 3814 praestes:
777 3748 886 3800 maxime
898 3750 1004 3800 refellit.

84 3828 87 3836 “
164 3816 316 3866 turundum
327 3824 359 3866 ut
371 3817 399 3866 id
409 3818 536 3878 civiliter,
547 3815 597 3866 hoo
609 3828 660 3876 est,
673 3831 751 3884 quam
808 3816 981 3878 illumilium]
1005 3819 1058 3864 llos
1072 3816 1288 3880 tres'Pompeius,
1304 3817 1357 3880 pri.

169 3881 285 3932 maximi
296 3883 467 3946 popularibus
479 3892 507 3934 et
518 3884 622 3934 civibus
633 3885 686 3933 tnis
697 3897 752 3948 par·
775 3899 844 3934 mum
858 3885 964 3950 quidem
977 3883 1002 3931 in
1014 3873 1118 3939 Africa}
1128 3883 1238 3931 alterum
1252 3881 1278 3930 in
1291 3884 1358 3932 Sici·

169 3951 263 4001 tendo.
296 3951 385 4015 Atque
409 3965 443 4001 ex
466 3947 597 4018 ejusmodi
622 3951 751 4015 exemplis
774 3949 820 4005 tit,
836 3951 943 4000 tertium
963 3952 1033 3998 circs
1052 3949 1190 4014 Lilybaeum
1210 3947 1277 3996 mori
1296 3953 1357 3998 coil.

77 4072 80 4076 ,
170 4015 273 4066 discere
290 4015 390 4069 debent
404 4017 550 4068 balatrones
566 4018 699 4085 quomodo
716 4018 751 4068 lo·
773 4018 821 4082 git.
858 4013 987 4066 Caeterum
1008 4023 1141 4065 tantorum
1153 4025 1268 4062 virorum
1284 4014 1356 4065 ludi-

170 4083 310 4144 quendum.
322 4080 376 4132 imd
386 4087 416 4132 ¹et
427 4084 578 4148 legendum,
591 4084 636 4133 sit.
774 4084 830 4132 brio
841 4082 893 4134 fata
904 4083 995 4137 habita
1004 4090 1096 4135 auctor
1104 4079 1211 4131 Caesaris
1222 4081 1254 4124 nb
1262 4083 1355 4133 o'culos
1452 4089 1455 4094 '
1504 4092 1507 4105 ¹

203 4143 402 4211 imulerit,
417 4151 513 4213 Quieti.
773 4151 854 4214 ponit,
872 4157 902 4200 ut
926 4151 1011 4214 ipsum
1034 4149 1068 4199 ad
1088 4143 1305 4208 misericordiam,
1329 4149 1356 4200 in

176 4227 178 4234 ’
203 4215 318 4276 ellam]
350 4217 502 4268 Arbitratui·
523 4215 674 4274 Sallustius,
692 4215 751 4282 ejus
773 4232 851 4282 quam
871 4232 969 4282 pronus
986 4225 1053 4270 erat,
1069 4210 1154 4277 magis
1170 4211 1291 4269 inclinem
1310 4231 1355 4280 ge.

160 4279 262 4350 ,viimi
273 4283 319 4350 qui
336 4299 364 4336 se
381 4283 439 4340 aliis
458 4283 629 4338 metuendum
644 4283 751 4351 praebet,
774 4283 1020 4348 nerosissimumque
1039 4281 1302 4342 imperatoremque
1319 4281 1357 4334 fa*-

772 4349 824 4401 eile
836 4349 999 4416 capiebatur,
1009 4350 1046 4402 uti
1058 4359 1106 4414 pur
1117 4353 1169 4410 est,
1178 4351 1272 4396 tentet.
