3070 5034
372 261 377 268 ’
453 251 656 332 BELLUM
680 261 1061 332 CATILINARIUM·
1301 267 1343 332 49

162 437 234 505 illus
243 439 331 507 videt
341 438 429 521 queri
444 438 484 502 de
495 440 628 504 avaritia
641 437 891 520 magistratuum,
902 459 1046 500 accusare
1058 453 1197 502 senatum
1212 439 1298 522 qubd
1312 441 1344 502 in

162 547 205 586 eo
217 525 322 588 auxilii
338 525 415 591 nihil
430 541 532 598 esset,
550 524 685 585 miseriis
700 527 764 588 suis
777 525 951 588 remedium
967 540 1098 586 mortem
1109 545 1287 606 expectare:
1300 527 1344 590 At

134 649 138 654 ,
161 613 346 692 egainquit,
355 611 449 685 vobis,
460 612 488 670 si
498 607 582 672 modi
592 611 655 671 uiri
663 633 728 672 esee
737 611 841 684 uultis,
851 611 998 672 rationem
1010 609 1176 682 ostendam,
1187 609 1247 694 quei
1258 624 1345 674 tanta

158 697 239 757 mala
248 698 313 758 ista
322 693 495 780 effigiatis.
543 695 620 758 Haec
632 697 685 758 ubi
698 697 791 770 dixit,
808 693 1008 778 Allobroges,
1022 697 1053 758 in
1067 717 1156 777 spem
1173 699 1343 762 maximam

163 783 302 858 adducti,
312 781 511 844 Umbrenum
522 802 622 857 orare,
631 781 675 844 uti
685 781 734 844 sui
747 781 962 844 misereretur:
974 781 1051 842 nihil
1062 797 1126 842 tam
1136 800 1280 863 asperum
1290 805 1345 846 ue·

159 886 220 946 que
239 885 302 929 tam
320 867 445 928 difficile
461 887 541 944 esse,
555 868 640 948 quod
655 887 716 928 non
736 861 939 948 cupidissime
957 865 1067 927 facturi
1082 884 1197 941 essene
1214 867 1345 930 dumea
1406 909 1412 922 ·

157 973 210 1014 res
226 953 389 1016 civitatem
404 973 463 1012 aere
475 948 576 1014 alieno
588 952 742 1014 liberaret.
778 951 835 1014 lile
850 971 905 1012 eos
918 954 1091 1012 indomum
1110 951 1153 1012 D.
1167 953 1259 1014 Bruti
1275 972 1344 1034 per·

157 1038 258 1116 ducit,
270 1039 357 1120 quod
375 1034 443 1098 foro
457 1040 630 1121 propinqua
645 1053 722 1112 erat,
738 1059 839 1118 neque
857 1038 955 1098 aliena
970 1037 1104 1112 consilii,
1114 1056 1240 1119 propter
1255 1037 1345 1100 Sem·

156 1125 315 1206 prouiam.
356 1121 443 1182 Nam
459 1138 525 1183 tum
543 1123 660 1185 Brutus
676 1124 714 1184 ab
730 1121 832 1184 Roma
847 1125 963 1184 aberat.
1002 1123 1155 1185 Praeterea
1172 1124 1346 1186 Gabinium

158 1209 303 1279 arcessit,
313 1205 377 1286 qub
388 1207 489 1289 major
498 1208 665 1270 auctoritas
677 1207 814 1268 sermoni
829 1208 953 1266 inesset.
978 1206 1027 1266 Eo
1043 1224 1190 1288 praesente
1201 1211 1345 1293 conjura·

156 1296 278 1356 tionem
295 1292 406 1372 aperit,
417 1291 556 1354 nominat
566 1291 680 1366 socios,
692 1287 837 1373 praterea
851 1293 963 1354 multos
976 1290 1129 1375 cujusque
1141 1297 1261 1374 generis
1277 1305 1290 1332 ³
1299 1297 1344 1356 in·

159 1379 294 1450 noxiosr
310 1379 374 1458 quo
385 1377 495 1462 legatis
505 1379 628 1438 animus
641 1377 773 1458 amplior
782 1393 881 1438 esset:
899 1376 972 1438 dein
983 1397 1048 1452 eos,
1057 1375 1210 1458 pollicitos
1219 1399 1346 1459 operam

164 1483 265 1544 suam,
288 1464 419 1526 domum
436 1463 565 1524 dimitit.
609 1461 672 1524 Sed
690 1461 880 1544 Allobroges
902 1463 958 1523 diu
981 1461 1012 1522 in
1032 1462 1184 1526 incertum
1201 1463 1348 1538 habuere,

162 1549 315 1630 quidnam
327 1549 447 1614 consilii
462 1565 617 1631 caperent.
642 1547 679 1610 Iu
693 1544 810 1610 balteri
822 1562 907 1630 parte
919 1560 985 1609 erat
996 1568 1038 1608 as
1050 1547 1197 1624 alienum,
1207 1549 1348 1612 studium

161 1635 246 1710 belli,
258 1655 370 1716 magna
382 1655 502 1696 merces
513 1634 544 1696 in
556 1656 610 1717 spe
627 1633 782 1698 victoriae:
801 1651 832 1695 at
842 1634 872 1695 in
887 1633 1000 1696 calteri
1015 1627 1172 1718 dmajores
1183 1649 1348 1716 opea,tuta

161 1720 302 1794 consilia,
314 1739 371 1800 pro
381 1721 497 1781 incerti
508 1741 562 1801 spe
575 1737 659 1782 certa
670 1721 807 1801 praemia.
821 1719 909 1866 §laec
918 1720 979 1784 ilbs
993 1716 1208 1784 'volventibus
1218 1721 1347 1784 tandem

159 1805 402 1872 vicit²fortuna
415 1806 493 1886 reip.
518 1805 628 1884 ltaque
646 1803 689 1878 Q.
708 1806 805 1868 Fabio
845 1825 941 1887 angae,
956 1801 1075 1887 cujusf
1082 1805 1253 1888 patrocinio
1288 1807 1347 1870 'vi-
1405 1872 1411 1883 ,

164 1887 398 1973 tas'plurimtim
418 1889 573 1964 utebatur,
583 1910 650 1952 rem
671 1908 810 1962 omnem,
821 1889 866 1952 uti
881 1907 1102 1973 cognoverant,
1117 1891 1268 1972 aperiunt.
1334 1924 1346 1940 ·

163 1997 236 2038 cero
252 1997 308 2056 per
319 1973 604 2055 Sangam,consilio
618 1975 754 2058 cognito,
765 1975 875 2058 legatis
891 1975 1040 2057 praecipit,
1048 1990 1084 2037 ut
1099 1977 1238 2036 studium
1254 1980 1347 2040 ²coo·

154 2061 324 2145 jurationis
339 2058 541 2124 vehementer
551 2061 717 2135 simulent3
733 2071 884 2124 gcaeteros
897 2063 1027 2122 adeant:
1045 2061 1122 2121 bene
1135 2059 1362 2144 polliceantur,

162 2147 301 2228 dentque
317 2165 456 2223 operam,
472 2163 506 2208 ut
521 2167 575 2207 eos
591 2144 684 2228 quim
698 2143 835 2210 maxime
849 2145 1030 2208 manifestos
1046 2147 1188 2208 habeant.
1226 2146 1348 2210 lisdem

162 2229 230 2294 fere
249 2231 453 2312 temporibus,
467 2232 500 2294 in
517 2232 618 2294 Gallia
639 2230 819 2308 hciteriore,
834 2247 927 2313 atque
944 2231 1102 2306 ulteriore,
1117 2232 1194 2294 item
1212 2231 1244 2294 in
1271 2253 1348 2314 agro

165 2319 297 2393 Piceno,
309 2314 318 2353 ¹
330 2317 466 2394 Bruttio,
483 2315 611 2400 Apulia,
625 2316 755 2382 *motus
770 2335 846 2380 erat.
872 2317 1020 2397 Namque
1037 2319 1093 2394 illi,
1104 2339 1183 2399 quos
1199 2333 1268 2379 ante
1285 2317 1348 2382 Ca·

159 2403 248 2467 tilica
262 2400 271 2439 ¹
285 2401 459 2478 dimiserat,
469 2401 654 2481 inconsulte,
664 2425 699 2466 ac
711 2404 809 2465 veluti
825 2425 880 2486 per
892 2403 1082 2466 dementiam
1095 2419 1204 2464 cuncta
1216 2411 1239 2442 Ν
1252 2403 1348 2466 simul

164 2507 276 2574 agere:
300 2488 460 2552 nocturnis
483 2489 631 2568 consiliis,
650 2509 822 2568 armorum,
836 2503 930 2571 atqoe
952 2488 1087 2552 telorum
1109 2487 1347 2571 portationibtts,

601 2659 900 2715 luvuueuuvuvro.

197 2818 208 2851 ¹
226 2815 304 2878 Cum
315 2815 376 2875 lroec
385 2813 428 2874 illi
438 2815 538 2876 animo
548 2826 737 2896 reputarent.
761 2815 873 2878 arulent
896 2835 930 2876 se
950 2811 995 2876 ad
1014 2813 1253 2900 conjurationem
1270 2825 1346 2898 pro·

196 2903 209 2981 ἓ
226 2901 353 2982 Legatis
357 2900 543 2982 precipitat
554 2902 739 2964 maxirneer'·
757 2915 869 2984 pensos
886 2921 957 2966 esee.

696 3089 813 3140 Now.

195 3238 363 3304 abraamius]
379 3243 446 3294 Viros
457 3243 536 3300 botrus,
545 3247 587 3305 qni
596 3246 742 3306 conjrnatr'n·
798 3239 814 3290 i'
820 3235 988 3304 Patroclum]
1001 3245 1087 3291 llomae
1095 3239 1227 3292 habebunt
1236 3242 1277 3290 sin
1316 3239 1347 3288 lae

160 3312 200 3357 nia
219 3311 308 3358 curracir'
325 3325 372 3358 nun
391 3321 471 3357 erant.
505 3311 592 3374 Atque
615 3307 674 3358 ideo
697 3327 742 3359 ens
766 3305 1348 3374 civitatessuospatronos,inquorurno'en-

160 3374 328 3428 nominabant
338 3373 478 3440 conjurati,
489 3383 518 3424 ut
532 3376 558 3423 in
569 3373 743 3426 validissimas
766 3377 819 3426 tela
830 3383 933 3432 carente
952 3391 999 3442 per
1012 3389 1079 3442 quos
1090 3376 1172 3426 etiarn
1181 3373 1288 3440 negotia
1301 3385 1349 3422 aus

161 3449 251 3504 partes
273 3431 417 3507 coningere
435 3457 463 3492 ae
481 3441 639 3508 Allobroges
655 3443 745 3492 crede·
767 3453 896 3492 curarent.

162 3519 230 3558 rent.
801 3524 819 3572 g
834 3505 961 3571 Ceteros]
974 3507 1143 3576 conjuratos,
1155 3506 1214 3555 scil.

194 3574 211 3622 b
226 3574 333 3636 Altero]
346 3575 373 3626 Si
382 3576 515 3636 nimirum,
524 3572 744 3642 iconjuratorum
800 3573 818 3624 h
834 3575 975 3636 Ulteriora]
997 3579 1033 3624 lla
1044 3585 1085 3624 est
1096 3589 1153 3638 quo
1167 3571 1249 3623 ltaliae
1261 3573 1349 3639 proxi·

161 3641 285 3706 partibus
304 3651 410 3703 starent,
428 3644 536 3693 credere
555 3644 626 3691 enim
641 3651 700 3693 ‘erat
716 3659 744 3692 se
768 3657 818 3700 ma,
832 3644 956 3692 ulteriore
968 3657 1026 3706 qna
1039 3653 1108 3690 trans
1119 3639 1210 3706 Alpes.

163 3722 212 3758 aere
232 3709 328 3768 alieno,
340 3723 388 3772 per
405 3725 450 3759 eos
465 3711 589 3769 victores,
606 3709 745 3762 liberatum
801 3707 949 3771 iBruttio.]
972 3708 1094 3758 calabria
1117 3717 1159 3757 est
1182 3707 1298 3769 inferior,
1321 3709 1348 3759 in

163 3776 206 3837 iri,
217 3776 266 3836 &a
310 3781 314 3798 ¹
768 3776 847 3825 Italiae
857 3785 978 3828 extremo
997 3775 1093 3840 angulo
1104 3776 1237 3836 orientali,
1250 3777 1283 3826 ad
1297 3791 1350 3826 me·

195 3841 333 3904 cultrum]
346 3841 374 3890 si
383 3843 507 3893 Romania
516 3842 596 3894 fidem
607 3853 747 3893 servarent.
770 3843 873 3893 ridieru.

196 3909 338 3976 dMujores
348 3909 430 3974 open]
442 3911 471 3960 lu
482 3909 533 3959 lide
542 3909 746 3975 permanendum
801 3905 1151 3973 kMolus.]Belbcus‚scil.
1175 3910 1348 3960 Deianiram·

163 3991 222 4028 esse
244 3979 283 4026 na
307 3978 424 4026 rationes
447 3975 607 4034 suadebants
630 3979 749 4042 potentia
770 3995 841 4026 ruent.

164 4044 277 4092 maxima
296 4043 458 4108 reipublicae,
472 4043 653 4110 (nequeenim
669 4044 750 4108 pluri·
804 4043 983 4107 lDr'tnlsernt]
1008 4046 1040 4094 In
1058 4048 1170 4096 diversas
1184 4052 1271 4107 partes
1283 4045 1349 4092 nuse-

166 4122 223 4158 rnos
237 4109 362 4162 videbunt
375 4113 444 4161 iuter
457 4116 619 4174 conjuratos,
629 4111 675 4174 qui
684 4111 750 4160 mul·
770 4123 819 4171 rar,
831 4112 877 4177 qui
889 4113 938 4160 eibi
953 4112 1038 4161 socios
1053 4112 1233 4178 adjungerent,

161 4177 225 4223 'turn
238 4177 379 4242 valerent.)
415 4179 487 4226 Tuta
499 4178 619 4238 cormilia,
631 4175 681 4227 &n
803 4195 828 4228 m
844 4177 940 4240 Simul]
956 4179 1140 4234 Prudentibus,
1153 4182 1253 4234 contra,
1263 4176 1349 4229 omnio

199 4243 363 4316 eberone]
388 4245 465 4299 Urbis
481 4252 578 4311 genitis,
599 4246 644 4310 qni
664 4247 749 4296 some
771 4245 854 4297 divisa
867 4256 928 4296 sunt
941 4245 1113 4310 temporibus¹

164 4305 274 4381 publice
287 4309 433 4362 colebatur.
760 4348 763 4356 .
