3034 5054
566 333 882 401 FRAGMENTA.

169 510 229 574 “In
244 529 296 573 ore
311 507 452 592 gentibus
468 527 574 591 agens,
584 511 709 590 populo,
724 507 853 571 civitati.
877 507 968 570 Idem.

170 595 276 659 Pressi
292 596 429 676 undiquc
446 593 656 656 multitudine.
679 588 771 656 Idem.
799 648 809 667 ,
843 643 845 650 ,

171 681 265 743 Hunc
280 681 375 763 igitur
390 679 551 761 redarguit
563 677 757 760 Tarquitius.
784 677 875 741 Idem.

171 764 255 826 Dein
270 765 371 847 campi
392 762 637 846 bThemyscirii‚
652 785 731 844 quos
750 765 888 826 habuere
909 758 1155 838 musmones&
1175 757 1301 828 dTanai

126 847 254 911 flumine
268 850 420 912 incertum
436 851 639 930 quamobrem
655 849 814 930 digressae.
835 849 923 909 Serv.

173 935 238 996 Ubi
254 955 327 997 enm
342 937 406 996 toti
425 934 571 996 concione
587 935 625 994 ab
640 933 781 996 exercitu
796 933 880 1014 cogit
894 931 1066 1010 discedere,
1080 931 1158 996 dicit
1176 951 1210 997 se
1232 932 1301 1017 ejus

127 1023 220 1103 operi
235 1043 295 1081 non
312 1039 452 1095 usurum,
466 1038 602 1100 eumque
618 1018 657 1078 ab
670 1019 765 1078 armis
780 1019 920 1084 dimittit.
944 1017 1034 1078 Idem.

168 1100 212 1166 Et
229 1105 362 1166 Metello
375 1104 480 1184 procul
491 1119 601 1184 agente
615 1113 629 1140 ⁶
638 1104 729 1184 longa
742 1123 812 1184 spes
827 1102 1026 1164 auxiliorum.
1049 1102 1140 1163 Idem.

167 1189 265 1251 More
280 1191 433 1270 equestris
449 1189 545 1270 proelii
561 1188 693 1270 sumptis
705 1189 812 1270 tergis,
824 1201 915 1268 atque
927 1186 1071 1266 redditis,
1085 1201 1116 1248 et
1131 1187 1250 1272 egressi
1262 1187 1302 1252 ad

124 1271 281 1336 faciliores
296 1275 375 1336 ictus
387 1275 454 1335 loco
467 1273 627 1335 cedebant.
653 1273 744 1332 Idem.

170 1359 280 1421 Castra
296 1360 362 1420 sine
378 1358 504 1420 vulnere
521 1356 691 1420 introitum.
723 1357 814 1419 Idem.

167 1441 278 1506 ‘Cosa
300 1443 389 1506 Seru.
405 1445 439 1506 z'n
455 1451 527 1505 AEn.
544 1463 574 1505 x.

86 1573 88 1578 .
168 1526 282 1610 Equis,
293 1546 385 1611 atque
402 1527 496 1590 armis
513 1527 697 1610 insignibus.
723 1527 815 1592 Idem.

167 1622 183 1662 ⁸
193 1614 307 1676 Fessus
324 1617 355 1676 iu
373 1611 587 1694 Pamphyliam
604 1633 637 1674 se
653 1629 821 1694 receperat.
846 1612 937 1678 Idem.
966 1667 974 1687 ,

169 1697 333 1760 Profectus
346 1698 475 1780 qnidam
492 1697 592 1778 Ligus
608 1699 647 1760 ad
658 1697 808 1778 requisita
824 1716 948 1762 naturae.
973 1697 1083 1784 Quint.

169 1783 269 1862 Apud
283 1789 379 1845 latera
394 1779 520 1842 hcertos
536 1783 751 1843 collocaverat.
775 1783 863 1844 Seru.

171 1868 308 1946 Apertae.
316 1881 423 1947 porta,
436 1865 552 1944 repleta
567 1885 641 1926 arva
656 1865 836 1926 cultoribus.
851 1867 952 1929 Idem.

169 1949 374 2022 iHispaniam
390 1949 448 2010 sibi
465 1949 623 2030 antiquam
640 1950 770 2030 patriam
787 1971 866 2010 esse.
890 1953 981 2012 Idem.

168 2033 311 2117 ¹¹Lyciae,
326 2033 533 2114 ¹Pisidiaeque
549 2055 642 2114 agros
655 2035 897 2116 despectantcm·
921 2037 1013 2098 Idem.

169 2119 258 2183 Sorte
271 2123 383 2184 ductus
399 2119 474 2182 fusti
491 2132 590 2181 necat.
614 2119 708 2182 Idem.

170 2209 284 2268 Omnis
300 2206 390 2267 Italis
405 2219 511 2266 coacta
527 2204 560 2266 in
574 2204 732 2286 angustias
747 2203 900 2269 scinditur
918 2205 950 2269 in
964 2207 1029 2272 duo
1050 2217 1072 2246 ³¹
1083 2213 1308 2293 promontoria,

128 2289 604 2365 11Bruttium‚et⁰Salentinum.
627 2291 719 2352 Idem.

170 2378 262 2439 Italia
277 2377 366 2458 plana
378 2396 414 2436 ac
427 2375 539 2436 mollis.
562 2373 654 2437 Idem.

130 2463 245 2632 JQui
258 2473 441 2607 pempcstate
457 2479 498 2521 ex
513 2458 614 2523 Ponto
629 2461 677 2524 vis
691 2459 825 2544 piscium
838 2463 950 2547 erupit.
973 2466 1065 2544 Idem,
1081 2479 1110 2529 et
1123 2466 1305 2534 Sclzoliamee

161 2568 257 2609 evene
270 2569 305 2608 τε.

320 2630 329 2652 ἱ

168 2633 354 2781 fllntrogsus
373 2629 474 2714 prima
489 2629 577 2695 Asiae
593 2630 742 2716 Bithynia
760 2643 819 2714 est,
833 2633 940 2701 multis
958 2632 1045 2699 antea
1061 2636 1237 2702 nominibus
1253 2661 1305 2724 ap·

128 2739 166 2802 pe
191 2735 250 2782 ate.
295 2737 359 2779 ers.
448 2766 451 2776 .

659 2873 774 2923 NO'I'AE.

159 3019 281 3088 almare]
292 3027 330 3074 De
341 3021 465 3090 Pompeio
475 3019 705 3090 intelligitDouzs.
759 3024 770 3073 i
794 3023 963 3088 matronium}
986 3028 1118 3078 Annotant
1140 3027 1307 3094 grammatici

159 3090 368 3156 bfflemymr‘di]
381 3093 446 3140 Sunt
459 3091 496 3140 illi
509 3092 535 3142 in
552 3095 640 3139 Ponto.
727 3092 886 3153 provinciam
899 3106 947 3154 pro
959 3094 1040 3154 patrii
1058 3085 1181 3158 positam,
1195 3091 1257 3145 crim
1271 3096 1315 3146 ci·-
1328 3137 1331 3144 .

157 3159 336 3220 cdmummn]
356 3162 472 3208 Fuerunt
494 3157 627 3216 mulieres,
649 3171 706 3220 quc
727 3157 793 3208 vitas
805 3156 912 3220 proprie
923 3159 959 3206 sit
972 3161 1065 3222 patria.

123 3240 245 3287 regnum,
260 3225 321 3274 viris
337 3225 459 3274 ominbus
477 3222 632 3283 interfectis,
643 3221 706 3272 obti-
761 3223 779 3271 k
792 3222 896 3287 Lyciae]
909 3224 1022 3276 Minoris
1032 3227 1102 3278 Asiae
1113 3227 1196 3294 regio,
1206 3228 1240 3278 ed
1250 3229 1310 3280 Mc·

124 3302 246 3350 nuerunt,
255 3305 310 3339 rem
320 3289 413 3354 posted
426 3290 550 3340 habentes
564 3304 623 3338 cum
632 3303 706 3352 pere·
728 3288 914 3340 diterraneum.

123 3358 217 3423 grinis.
235 3357 328 3406 Deliis
338 3358 436 3406 mentio
447 3355 478 3404 fit
489 3355 559 3419 apud
569 3356 705 3418 plurimos:
762 3353 910 3420 lPs'sidie]
931 3357 1031 3408 Cilicia
1055 3358 1139 3425 regio,
1156 3360 1183 3410 in
1206 3359 1309 3414 minore

124 3426 231 3473 interim
251 3420 358 3488 fuerint,
380 3437 429 3472 nec
450 3438 492 3483 ne,
511 3421 618 3486 quidam
641 3418 707 3469 affir·
729 3421 803 3470 Asis.
904 3481 907 3486 ,
1049 3472 1053 3478 ,

124 3497 207 3548 mant,
218 3489 324 3553 quidam
333 3497 438 3552 negant.
466 3487 630 3538 Crediderim
641 3488 705 3536 mul·
760 3489 986 3550 mPramoatoriaJ
1010 3489 1077 3539 Sunt
1095 3497 1206 3553 montes,
1219 3491 1265 3557 qui
1278 3493 1307 3543 in
1390 3489 1396 3496 ’

124 3563 155 3604 ta
164 3553 283 3604 fabulosa
294 3569 420 3615 sesemen
432 3565 517 3604 tamen
527 3554 621 3603 omnia.
728 3567 797 3604 mare
812 3553 954 3605 incurrunt
989 3557 1056 3606 Gali.
1071 3559 1130 3619 Gap.

110 3671 114 3678 ,
158 3621 289 3683 dTunui.]
301 3621 396 3670 Tanais
405 3619 503 3670 fluvius
513 3627 556 3670 est
567 3621 613 3685 qui
624 3623 705 3671 Euro·
759 3618 1063 3681 nBrmttium.]1nferius
1081 3634 1131 3684 cst,
1149 3621 1183 3672 ad
1200 3627 1308 3678 meridi·

124 3702 187 3755 pam
200 3687 232 3735 ab
244 3689 306 3737 Asia
316 3687 420 3737 dividit.
432 3685 520 3736 Hodie
530 3685 704 3736 Dnndicitur.
726 3700 777 3746 em,
787 3685 867 3750 juxta
880 3687 1002 3738 Siciliam.
1322 3741 1325 3748 ,

157 3771 173 3804 e
184 3755 292 3819 Longa]
308 3753 341 3804 ld
353 3763 403 3815 est,
415 3753 486 3819 longe
495 3757 585 3818 posim,
597 3760 703 3804 auctore
759 3768 774 3803 o
790 3753 957 3816 suentensem]
970 3753 1097 3818 Superius
1105 3754 1190 3806 estad
1202 3759 1309 3825 Septen.

126 3821 225 3874 Servio.
727 3819 848 3870 trionem.

157 3887 172 3939 l'
183 3884 270 3950 Occu]
283 3885 381 3936 Civitas
395 3886 513 3936 Etruriae.
758 3898 775 3949 p
798 3881 942 3947 brenmula]
964 3887 1025 3936 Haec
1047 3885 1133 3950 urispi
1155 3887 1216 3938 edm
1239 3892 1307 3942 citet

158 3953 485 4024 gFeseus.]1‹lest‚egeme
498 3954 599 4006 cmseilit',
614 3949 704 4001 Servio
727 3951 842 4012 Servius,
866 3959 895 4002 st
917 3951 1014 4001 doceat
1035 3953 1185 4019 Bithyniam
1206 3955 1308 4008 dictam

125 4021 282 4084 interprete:
294 4035 474 4084 narncorpotc
485 4017 625 4085 fatigatum
637 4017 705 4068 dici·
727 4033 834 4082 quoque
850 4033 910 4069 esse
933 4018 1089 4080 Bebriciam,
1106 4021 1230 4085 nullaque
1248 4025 1307 4088 eius

126 4095 194 4144 mss,
204 4087 288 4140 anime·
300 4086 409 4138 fessum.
727 4085 766 4134 rei
780 4085 805 4132 in
816 4082 859 4134 fra
879 4090 967 4136 mento
980 4084 1029 4135 hoo
1046 4094 1121 4136 extet
1136 4088 1244 4142 mentio,
1255 4103 1308 4141 non

131 4179 132 4186 κ
159 4151 296 4216 hemon]
310 4156 405 4204 Certus
424 4159 469 4202 aut
479 4152 596 4202 velocem
608 4149 706 4215 signifi·
728 4149 833 4199 dubitst
857 4099 1010 4202 intrusum
1031 4167 1066 4202 ex
1089 4151 1188 4202 isidoro
1209 4167 1308 4218 augere

125 4228 178 4277 cat,
196 4228 242 4266 aut
262 4217 383 4270 fidelemz
405 4219 545 4285 aliquando
565 4218 647 4267 *etiarn
665 4216 707 4266 fir·
729 4216 880 4278 Putschius,
903 4226 963 4282 post
991 4219 1116 4282 Phrygia,
1140 4217 1190 4266 hoc
1219 4220 1307 4283 modo,

126 4299 208 4344 mrim,
221 4293 251 4333 ut
266 4285 303 4334 ait
316 4287 461 4338 Salustius:
479 4285 556 4351 Apud
566 4287 645 4342 lutera
657 4300 708 4336 cer·
726 4287 799 4348 prius
810 4285 930 4335 Bebrim'u
941 4286 1018 4346 dicen,
1029 4301 1085 4339 mex
1093 4284 1111 4335 d
1119 4283 1234 4350 Bithynia
1247 4303 1307 4352 rege

126 4363 164 4401 ers
176 4353 281 4402 collocat.
298 4353 411 4407 servius.
729 4351 858 4415 Bithynia·

865 4435 925 4477 Ee
