3034 5054
199 299 263 365 220
314 399 316 404 Ι
458 241 465 266 1
664 296 912 364 SALLUSTII

244 469 414 534 Paululirm
426 467 575 551 requietis
587 467 747 532 militibus.
770 470 862 534 Idem.

244 554 310 628 Qui
327 557 506 627 nullosne>
517 555 612 615 exilio
624 556 825 634 vagabantur.
849 554 951 614 Idem&

246 641 358 702 Nubes
373 639 527 703 sudavere
542 641 659 702 lumen.
681 641 773 702 Idem.

245 725 375 788 Sanctus
387 728 455 791 alia.
479 725 571 786 Idem.

245 808 393 872 Gerenia.
415 811 508 870 Idem.

246 893 327 968 Quae
341 915 431 957 cansa
447 893 547 956 fuerat
561 893 711 956 novandis
726 895 830 957 rebus.
856 892 946 954 Idem.

247 979 398 1044 Radicem
412 981 526 1040 montis
537 980 680 1042 excessit.
702 982 796 1042 Statii
813 981 976 1058 interpres.

247 1063 297 1126 Ut
310 1086 361 1126 res
372 1060 473 1144 magis
486 1061 580 1145 quim
592 1066 686 1127 verba
697 1081 888 1148 gererentur,
899 1063 1013 1123 liberos
1025 1071 1231 1142 parentesque
1242 1059 1274 1124 in
1286 1058 1389 1122 muris

203 1151 390 1213 locaverant.
413 1151 505 1211 Idem.

247 1233 370 1296 Incerta
381 1247 428 1295 εει
439 1232 590 1298 fortitudo
605 1235 682 1296 dum
697 1233 822 1318 pendet.
845 1233 938 1294 Idem.

248 1318 286 1381 In
300 1319 413 1401 quibus
427 1320 562 1402 plaustra
577 1321 667 1382 sedes
679 1334 760 1382 sunt.
783 1317 895 1380 Acron.
912 1317 956 1377 od
968 1313 1146 1380 Horatium.

246 1404 342 1466 Luxo
355 1404 446 1487 pede.
469 1405 599 1466 Probus.
1241 1451 1242 1456 1

248 1489 421 1571 Maurique
434 1511 548 1551 vanum
569 1511 678 1571 genus,
692 1503 728 1552 nt
747 1487 807 1551 alia
823 1484 953 1562 Africae,
965 1485 1190 1551 contendebant
1206 1482 1388 1565 Antipodas

206 1571 486 1654 ultrbAEtbiopiam
499 1575 583 1635 cultu
597 1575 761 1635 Persarum
769 1573 873 1658 justos
886 1587 917 1632 et
931 1571 1075 1654 egregios
1087 1591 1188 1656 agere.
1210 1572 1316 1631 Prisc.

248 1659 293 1720 Et
303 1657 583 1738 Perpennamforte
596 1659 754 1737 cognoscit
763 1655 860 1717 mulio
869 1655 1084 1737 redemptoris.
1100 1654 1209 1717 Acron.
1222 1657 1255 1716 in
1267 1655 1387 1716 Horat.

248 1742 400 1806 Omnium
410 1741 574 1803 fluminum
587 1763 654 1824 quae
671 1745 703 1802 in
715 1740 813 1803 maria
824 1737 885 1821 qui
897 1741 1065 1820 imperium
1080 1739 1256 1800 Romanum
1267 1739 1391 1800 estfln·

204 1842 272 1901 unt,
287 1847 381 1912 quarn
404 1825 506 1888 Graeci
529 1842 783 1892 «nerisiensem»
807 1825 969 1908 appellant,
987 1825 1160 1900 maximum
1183 1845 1250 1884 esse
1274 1824 1391 1884 Nilum

206 1911 412 1983 consentitur;
435 1911 577 1993 proxima
593 1910 806 1992 magnitudine
823 1932 891 1972 esse
908 1911 1054 1976 Histrum
1069 1908 1196 1992 scripsit
1213 1907 1389 1972 Sallustius.

205 1996 245 2061 A.
262 1997 335 2060 Gen.
352 1999 372 2058 l.
389 2017 420 2060 x.
436 2017 462 2058 c.
481 2004 509 2059 7.

249 2083 325 2144 ²Ex
346 2081 492 2144 omnibns
513 2097 583 2158 quae
606 2079 818 2158 tractavimus,
837 2079 944 2142 AEbuti
969 2078 1136 2156 Liberalis,
1161 2091 1263 2162 potest
1284 2077 1383 2140 videri

206 2167 284 2230 nihil
300 2184 362 2229 tam
379 2165 599 2238 necessarium,
616 2182 669 2226 aut
684 2161 796 2247 magis,
812 2182 847 2227 ut
862 2167 905 2227 ait
921 2165 1095 2238 Sallustius,
1106 2187 1180 2228 cum
1194 2165 1268 2227 cuni
1284 2161 1389 2228 dicen·

207 2254 295 2326 dum,
307 2248 401 2333 quim
414 2253 497 2330 quod
511 2251 542 2310 in
553 2251 695 2312 manibus
708 2268 765 2312 est.
787 2252 910 2312 Seneca.
927 2251 978 2312 Dc
992 2249 1098 2334 Bencfi
1113 2251 1158 2312 iv.

249 2336 427 2399 Turbinunt
440 2351 544 2397 motus
559 2357 658 2416 vagus
673 2352 731 2411 est,
745 2337 907 2420 disjectus,
923 2351 954 2396 et
970 2331 1016 2396 uti
1038 2334 1176 2398 Sallustii
1192 2333 1296 2409 verbis
1309 2345 1390 2408 utar,

207 2421 402 2492 vorticosus;
425 2436 616 2482 cometarum
635 2434 751 2498 autem,
766 2421 966 2504 compositus,
983 2433 1014 2482 et
1035 2435 1154 2482 certum
1172 2421 1232 2482 iter
1252 2439 1388 2502 carpens.

209 2507 300 2569 Idem.
568 2549 572 2559 ·
818 2519 823 2534 ’

251 2591 424 2667 Sallustius,
440 2604 548 2653 auctor
569 2588 770 2667 certissimus,
785 2590 895 2654 asserit
909 2590 1045 2674 Tigrim,
1059 2603 1090 2653 et
1111 2589 1305 2672 Euphratem
1325 2609 1388 2650 uno

209 2676 295 2740 fonte
320 2697 443 2738 manare
471 2677 502 2738 in
519 2676 683 2748 Armenia,
699 2679 752 2757 qni
769 2698 824 2760 per
839 2677 965 2738 diversa
982 2694 1090 2738 euntes
1107 2673 1231 2756 longibs
1247 2673 1390 2742 ‹beidan-

208 2779 271 2837 tur,
282 2763 381 2841 spatio
398 2762 503 2822 medio
522 2761 629 2821 relicto
646 2762 814 2822 multorum
836 2763 987 2834 millium3
1011 2784 1079 2844 quae
1094 2776 1196 2823 tamen
1212 2777 1303 2837 terra,
1318 2780 1387 2841 quae

210 2848 249 2908 ab
264 2846 339 2926 ipsis
355 2845 499 2919 ambitur,
513 2845 744 2924 Mesopotamia
758 2847 884 2908 dicitur.
909 2847 1001 2907 Idem.
1148 2841 1151 2848 ’

255 2929 402 2992 Pelorum
420 2930 664 3010 promontorium
682 2931 793 2993 Siciliae
809 2931 977 3013 respiciens
995 2930 1198 3013 Aquilonem,
1216 2929 1308 3012 juxta
1323 2928 1389 2992 Sal·

210 3013 350 3089 lustium,
361 3017 479 3077 dictum
493 3011 510 3072 i
526 3015 728 3095 gubernatore
744 3017 925 3081 Hannibalis
939 3017 1001 3079 illic
1017 3019 1148 3099 sepulto,
1159 3019 1213 3099 qui
1227 3015 1325 3077 luerat
1336 3037 1387 3076 oc·

211 3103 295 3163 cisus
312 3123 367 3183 per
386 3100 591 3179 ignorantiam
611 3100 705 3181 regis,
720 3101 795 3164 clim
810 3123 843 3162 se
866 3103 933 3186 ejus
947 3103 1020 3164 dolo
1035 3103 1176 3166 crederet
1195 3123 1263 3164 essu
1277 3102 1387 3181 decep·

211 3201 290 3248 tum.
313 3186 438 3246 Servius
454 3196 481 3245 et
499 3186 646 3244 Isiderus.

255 3267 443 3341 bAristaeus,
458 3269 502 3330 uti
523 3269 686 3330 Sallustius
702 3269 803 3347 docet,
818 3287 887 3353 post
903 3272 1050 3338 laniatum
1067 3267 1224 3332 inanibus
1240 3268 1386 3336 οΑιιεεο-

212 3374 285 3418 nem
306 3353 416 3427 filium,
436 3352 542 3413 matris
559 3354 702 3416 instinctu
718 3355 842 3418 Thebas
858 3361 999 3440 reliquit,
1008 3372 1039 3418 et
1059 3355 1179 3418 dCeam
1197 3357 1325 3418 insulam
1341 3371 1387 3425 te·

213 3439 292 3516 nuit,
308 3437 410 3521 primi>
431 3439 533 3498 atlhuc
553 3437 729 3502 hominibus
746 3463 893 3503 vacuam:
918 3440 1034 3524 posted,
1047 3444 1082 3504 eti
1098 3441 1213 3514 relicti,
1229 3461 1300 3504 cum
1317 3439 1389 3502 Dae»

214 3525 285 3588 dalo
300 3525 331 3587 in
346 3523 520 3592 Sardiniam
534 3525 689 3590 transivit:
707 3525 778 3608 post
793 3528 914 3592 delatus
928 3545 975 3592 est
988 3540 1001 3566 ⁰
1012 3527 1140 3592 Cumas.
1162 3528 1249 3592 Serv.
1266 3581 1267 3586 ,

737 3735 851 3790 NOTAE.

249 3927 321 3976 aEe
341 3924 470 3989 omnibus]
487 3927 584 3977 Nullus
602 3941 652 3976 nnn
669 3941 700 3976 ea
717 3925 792 3980 facile
802 3932 807 3992 l
817 3929 887 3981 seius
905 3931 961 3982 sine
974 3939 1046 3982 vesto
1058 3931 1169 3990 videt-at,
1180 3929 1204 3978 in
1223 3925 1325 3979 certum
1336 3941 1397 3976 mu·

215 3994 351 4060 dignoscet
371 4008 427 4058 quae
447 4004 507 4043 sunt
526 3993 646 4046 sallustii
664 3994 689 4041 in
708 3992 794 4045 biset
817 4007 888 4046 tatus
901 3997 918 4046 a
929 3999 984 4046 suis
997 3999 1106 4048 semibus
1118 4000 1305 4050 laceratnsett.

216 4058 386 4124 sepnentibns
401 4057 566 4122 fragmentis.
848 4064 867 4112 d
891 4064 982 4126 Ceam]
1001 4067 1054 4114 Ces
1073 4067 1125 4124 vel,
1148 4074 1176 4112 ut
1199 4062 1245 4110 alii
1268 4060 1395 4118 scribunt,

251 4129 267 4174 b
291 4124 427 4185 ,animust
459 4125 605 4186 Appollinis
628 4131 657 4174 et
680 4129 793 4191 Gyrenes
817 4131 882 4179 Ceos
904 4130 990 4185 insula
1006 4141 1048 4182 est
1065 4133 1143 4182 maris
1157 4128 1241 4192 AEgei,
1256 4127 1334 4193 juxta
1343 4129 1396 4175 Eu-

185 4207 190 4215 ’
216 4192 296 4250 filins,
307 4200 338 4240 ut
349 4191 475 4258 plurimus
487 4190 583 4253 placet,
596 4192 647 4241 olei
663 4200 692 4242 et
709 4194 793 4244 mellis
818 4196 906 4246 boenm.

217 4259 344 4310 inventor.
850 4278 864 4310 e
879 4263 987 4326 Cumae-J
1005 4266 1101 4321 Cumae,
1112 4261 1176 4314 urbs
1187 4259 1330 4324 Campmiae
1342 4260 1397 4311 ma*-

250 4323 430 4387 o.lerenmm;]
439 4322 499 4383 Hic,
512 4320 550 4372 na
561 4325 657 4387 Diana,
665 4339 744 4400 quam
757 4324 794 4375 in·
817 4327 913 4392 ¹ritiina.
