3034 5060
223 326 284 390 rso
512 358 516 364 -
627 367 631 374 .
663 293 913 384 sAnnusTn

222 494 243 530 ‘⁸
258 489 351 576 quim
363 481 544 555 divitiarum
556 509 643 564 esset
659 511 755 568 arma,
763 511 824 554 non
833 487 1075 573 suppelectilem,
1083 487 1191 559 decori
1201 507 1284 554 etse.
1307 490 1399 566 Quin

221 582 243 614 ‘⁸
258 601 343 662 ergo,
355 578 440 659 quod
451 578 553 660 juvat,
564 578 648 658 quod
660 597 766 639 carum
778 577 941 652 aestimant,
951 576 986 638 id
996 595 1119 658 semper
1130 575 1264 638 faciant:
1281 593 1400 658 ament,

220 667 242 700 ‘⁴
257 679 380 747 potent:
404 663 456 724 ubi
471 661 709 726 adolescentiam
724 663 873 738 habuere,
887 661 930 726 ibi
946 675 1135 726 senectutem
1150 677 1254 744 agant,
1268 662 1301 724 in
1323 684 1398 725 con-

220 751 242 786 “
257 748 360 826 viviis,
372 747 470 810 dediti
487 748 599 823 ventri,
611 761 641 810 et
651 746 837 832 turpissimae
850 746 929 831 parti
944 747 1102 830 corporis;
1117 748 1276 823 sudorem,
1288 748 1399 831 pulve-

220 836 242 871 “
257 855 335 911 rem,
350 848 381 894 et
403 833 461 894 alia
481 833 553 894 talia
574 834 748 916 relinquant
768 833 867 908 nobis,
885 831 998 914 quibus
1018 832 1071 894 illa
1091 830 1191 914 epuiis
1208 830 1400 914 jucundiora

219 923 242 966 l‘
257 935 335 982 sunt.
361 915 485 982 Verum
501 940 562 980 non
577 916 620 979 ita
635 934 702 980 est:
721 919 819 996 Nam,
830 918 883 979 ubi
898 939 931 980 ee
947 917 1074 1000 flagitiis
1086 917 1322 994 dedecoravere
1332 933 1400 980 tur·

219 1006 242 1040 “
256 1005 375 1086 pissimi
398 1004 469 1078 viri,
485 1005 637 1068 bonorum
660 1003 786 1086 praemia
808 1017 947 1084 ereptum
960 1005 1054 1086 eunt.
1099 1002 1149 1064 Ita
1171 1001 1399 1086 ιἱιῃίιεῑὶεεὶιῐκὶ

219 1093 241 1125 “
256 1091 379 1152 luxuria
394 1104 425 1151 et
439 1089 574 1170 ignavia,
586 1091 833 1172 pessimantes,
847 1087 920 1161 illis,
931 1088 985 1169 qui
997 1085 1125 1154 coluere
1141 1109 1207 1164 eas,
1220 1087 1295 1150 nihil
1311 1089 1400 1152 ¹offi·

218 1177 241 1210 “
257 1176 353 1251 ciunt,
365 1174 444 1256 reip.
466 1174 597 1236 innoxia
613 1175 694 1236 cladi
714 1188 795 1236 sunt.
840 1173 945 1250 Nunc,
958 1173 1106 1255 'quoniam
1120 1171 1204 1252 illis,
1219 1171 1401 1255 bquantum

217 1262 240 1298 ‘⁴
255 1281 358 1322 mores
373 1260 447 1333 mei,
458 1277 518 1320 non
533 1259 655 1327 illorum
670 1259 786 1342 flagitia
798 1259 974 1340 poscebant,
984 1257 1129 1340 respondi
1141 1280 1149 1319 ι
1163 1278 1262 1342 pauca
1273 1259 1312 1324 de
1327 1281 1398 1343 rep.

209 1347 240 1416 ,“
254 1346 374 1427 loquar.
420 1344 565 1408 Primum
583 1345 725 1407 omniurn
736 1345 776 1406 de
790 1343 943 1405 Numidii
954 1345 1069 1406 bonum
1084 1343 1228 1406 habetote
1244 1344 1398 1424 animum,

140 1463 144 1468 ¹
217 1433 240 1468 “
256 1431 407 1505 Quirites.
454 1429 488 1490 N
491 1449 539 1492 am
557 1449 627 1512 quae
643 1432 682 1492 ad
698 1430 757 1492 hoc
771 1443 893 1511 tempus
908 1428 1096 1511 Jugurtham
1114 1443 1210 1496 tutata
1226 1443 1311 1504 sunt,
1327 1452 1397 1493 om-

217 1517 241 1552 “
255 1521 306 1579 nia
321 1515 518 1588 removistie;
534 1515 730 1590 ‘avaritiam
741 1514 940 1596 imperitiam,
953 1513 1140 1597 superbiam.
1174 1513 1259 1578 Dein
1275 1516 1400 1581 exerci-

217 1605 240 1654 “.
255 1617 305 1663 tus
324 1601 367 1661 ibi
383 1612 431 1660 est
446 1601 585 1662 locorum
607 1599 719 1676 aciens,
733 1601 790 1661 sed
810 1599 985 1664 mehercule
1005 1594 1106 1680 tnagis
1127 1615 1281 1676 strenuus,
1297 1599 1401 1684 quim

216 1689 240 1722 ‘⁴
255 1685 340 1746 felix.
386 1684 472 1744 Nam
492 1702 603 1766 magna
623 1703 693 1766 pars
707 1684 776 1767 'ejus
790 1683 928 1761 avaritia,
943 1699 996 1746 aut
1015 1685 1185 1748 temeritate
1202 1685 1398 1762 dueum,at-
1502 1763 1503 1766 Ἴ

217 1773 239 1806 “
254 1767 326 1832 trita
341 1783 398 1832 est.
442 1767 657 1842 Quamobrem
671 1791 738 1846 vos,
749 1766 890 1851 ‘quibus'
901 1769 1044 1833 militaris
1058 1785 1130 1835 atas
1143 1785 1201 1848 eet,
1214 1771 1398 1836 adnitimini

171 1892 177 1902 ι
218 1852 240 1892 “
254 1875 389 1930 mecum,
407 1869 438 1916 et
454 1855 603 1941 capessite
619 1874 717 1938 remp.
733 1871 834 1936 neque
845 1873 1031 1939 quenquam
1046 1877 1088 1920 ex
1108 1854 1304 1933 ecalamitate
1324 1855 1400 1920 alio·

214 1946 240 1978 '⁸‘
254 1963 336 2018 rum,
352 1955 405 2002 aut
424 1937 646 2021 imperatorum
666 1941 819 2024 superbiri,
834 1956 935 2004 metue
958 1941 1084 2023 ceperit.
1130 1939 1269 2024 Egomet
1290 1942 1322 2004 in
1344 1951 1400 2027 ag·

217 2028 241 2064 ‘⁴
253 2027 350 2102 mine,
359 2026 390 2092 in
404 2027 510 2108 praelio
524 2027 681 2088 consultor
696 2027 794 2101 idem,
804 2040 839 2089 et
850 2026 951 2090 socius
963 2027 1092 2110 periculi
1105 2027 1267 2089 vobiscum
1283 2028 1399 2100 adero;
1497 2062 1502 2075 ·

218 2115 239 2150 ‘¹
255 2133 379 2194 meque,
395 2131 513 2191 vosque
528 2111 561 2172 iu
576 2111 719 2173 omnibus
734 2110 826 2175 rebus
840 2115 933 2195 juxta
949 2129 1076 2195 geram:
1112 2111 1155 2172 Et
1170 2111 1321 2195 profecto,
1334 2111 1400 2176 diis

217 2202 240 2235 “
250 2197 443 2280 juvantibus,
458 2195 563 2258 omnia
577 2197 720 2260 ²matura
733 2211 815 2274 sunt,
830 2197 971 2273 victoria,
982 2199 1096 2280 praeda,
1111 2199 1199 2260 laus:
1217 2219 1285 2280 quae
1297 2197 1324 2260 ei
1339 2198 1400 2261 du·
1502 2237 1503 2240 =

218 2287 239 2319 “
255 2284 317 2358 bia,
332 2298 385 2344 aut
404 2280 512 2364 procul
526 2296 638 2358 essent,
653 2297 756 2345 tamen
776 2301 884 2346 omnes
904 2283 1000 2346 bonos
1011 2283 1095 2366 reip.
1116 2283 1282 2346 subvenire
1298 2283 1400 2347 decet.
1477 2321 1480 2330 ·

218 2371 241 2406 ‘¹
257 2367 383 2428 Etenim
399 2387 492 2434 nemo
511 2367 633 2450 ignaviei
652 2367 837 2452 immortalis
852 2367 968 2442 factum
991 2389 1092 2452 neque
1107 2369 1274 2449 quisquam
1288 2389 1403 2453 patene

219 2456 240 2490 “
256 2453 372 2525 liberis,
384 2466 420 2514 ut
433 2455 538 2522 aeterni
549 2452 662 2531 forent,
670 2455 807 2538 optavit;
822 2451 933 2537 mlagia,
944 2451 990 2518 uti
1003 2455 1085 2529 boni,
1095 2454 1292 2536 honestique,
1301 2455 1401 2516 vitam

220 2541 244 2578 “
258 2539 428 2622 exigerent.
478 2539 581 2602 Plura
599 2541 749 2615 dicerem,
769 2538 922 2615 Quirites,
944 2540 971 2603 si
993 2539 1112 2603 timidis
1134 2539 1284 2602 virtutem
1304 2537 1402 2602 verba

219 2629 242 2662 ‘⁶
256 2626 417 2690 adderent.
462 2625 547 2686 Nam
563 2625 697 2689 strennuis
712 2621 834 2686 abunde
851 2623 970 2690 dictum
985 2622 1093 2708 puto.’'
1116 2631 1119 2636 ’

264 2709 495 2792 Hujuseemodi
506 2707 644 2772 oratione
656 2709 769 2786 habiti,
781 2709 916 2788 Marius,
927 2725 1093 2792 postquam
1104 2710 1202 2796 plebis
1216 2707 1338 2774 animoa
1351 2733 1400 2776 ar·

220 2807 321 2857 rectos
341 2795 440 2874 videt,
460 2791 590 2877 propere
609 2809 796 2870 commeatu,
815 2794 980 2876 stipendio,
995 2797 1100 2871 armis,
1118 2795 1250 2879 aliisque
1269 2797 1402 2868 utilibus

220 2900 316 2952 naves
330 2893 437 2944 onerat
446 2904 455 2954 ς
474 2899 545 2942 cum
561 2878 610 2942 his
626 2876 668 2954 A,
689 2879 846 2960 Manlium
861 2882 995 2969 legatum
1014 2879 1166 2974 proficisci
1175 2882 1279 2966 jubet,
1325 2883 1400 2970 Ipse

600 3083 603 3091 ·
661 3069 959 3167 rutuRPRETATIO.

263 3237 274 3271 ¹
290 3234 336 3296 Eo
352 3235 447 3310 modo,
463 3245 522 3316 per
539 3233 701 3298 maurinom
718 3233 796 3317 inju·
821 3234 994 3308 coluerunt:
1008 3248 1080 3304 aunt
1095 3237 1274 3300 detrimenta
1287 3247 1318 3300 et
1333 3238 1402 3302 rui·
1426 3215 1428 3218 ⁵

219 3322 347 3396 otiliam,
361 3321 486 3382 luxuria
500 3331 535 3382 et
553 3321 682 3402 ignauia
697 3321 794 3404 penei·
822 3341 866 3388 tto
882 3322 1051 3404 reipublica-
1064 3322 1208 3385 innoxie.

219 3419 371 3480 meones
382 3405 463 3482 nillil
474 3417 581 3472 nocent
595 3406 666 3485 illie,
681 3405 733 3494 qui
747 3427 798 3468 eae
862 3407 875 3448 ²
888 3405 997 3482 Omnia
1007 3419 1079 3472 eunt
1087 3421 1191 3494 prona
1206 3407 1366 3494 etsocilitt·

751 3587 865 3646 NOTAE.

253 3766 268 3800 a
285 3753 466 3816 Injuttieeindq
494 3750 571 3808 Istud
588 3749 732 3817 diligenter
753 3752 797 3804 ob·
851 3754 1037 3818 nuvolariam]
1048 3755 1175 3817 Bestiam,
1186 3753 1332 3816 Aulum,et
1343 3757 1404 3806 Me<

218 3817 375 3872 servandum
388 3827 440 3878 eat,
452 3835 510 3876 ,nam
528 3819 633 3874 luxuria
644 3825 673 3868 et
687 3820 797 3885 ignavia,
819 3819 910 3874 tellum
921 3821 1012 3872 ordine
1025 3823 1124 3887 carnin
1138 3821 1234 3876 deinde
1247 3821 1405 3886 sibiquatn·

217 3882 323 3950 quando
340 3884 365 3938 in
381 3885 519 3949 republica
537 3891 642 3944 coeunt,
655 3885 694 3944 itti
708 3901 799 3946 neces·
817 3887 1144 3950 quamindrrectelaudem
1151 3891 1286 3940 maximam
1294 3885 1405 3941 tribuit.

219 3946 289 4002 sarid
303 3959 403 4014 pestem
417 3953 566 4016 important.
839 3954 868 4011 ,d
879 3955 988 4018 Quodne]
996 3953 1083 4008 Antea
1089 3956 1205 4007 vidimus
1212 3955 1302 4022 populi
1308 3955 1402 4003 volun-

253 4017 270 4065 b
286 4013 428 4078 Quantula]
444 4019 485 4068 lta
500 4015 563 4075 tend
581 4017 694 4084 quiaque
708 4017 798 4084 tnagis
818 4027 898 4078 tatem
909 4021 942 4077 ad
953 4021 1075 4072 militiam
1085 4037 1135 4078 non
1147 4023 1297 4077 inclinatam
1306 4018 1402 4072 luisse.

218 4083 285 4148 quid
296 4097 325 4133 se
339 4082 447 4148 dignum
459 4083 503 4142 eit,
515 4083 593 4150 quim
608 4085 676 4150 quid
692 4085 716 4140 in
734 4086 797 4141 alios
849 4104 865 4139 e
884 4085 1051 4152 volomtate]
1075 4093 1185 4146 cautem
1203 4095 1332 4146 removet,
1343 4087 1402 4152 que

218 4149 276 4200 fieri
287 4149 380 4214 possit,
392 4148 528 4200 consulere
541 4153 635 4209 debet3
651 4151 797 4218 eademque
818 4154 939 4212 militiam
948 4154 1059 4219 populus
1069 4154 1312 4215 detrectabatdum
1324 4167 1402 4219 spem

218 4222 299 4279 operi
317 4213 460 4282 sepissime
483 4216 595 4277 luctum,
614 4233 668 4269 sem
688 4234 717 4268 en
736 4217 797 4268 vero
819 4219 913 4286 injicit,
923 4236 983 4280 non,
997 4221 1054 4284 ipso
1066 4222 1219 4287 imperante,
1227 4221 1355 4279 futurum,
1366 4224 1403 4268 ut

219 4297 338 4358 magnam
360 4297 458 4345 euram,
477 4295 652 4352 magicumque
720 4301 798 4345 rein,
818 4287 955 4351 quisquam
969 4287 1055 4352 inopie
1073 4284 1276 4348 commeatuum,
1288 4294 1335 4343 aut
1351 4285 1403 4342 du-

169 4360 172 4368 ’
220 4347 417 4406 sibidenserit'.
567 4353 600 4366 ‘'
818 4354 856 4404 cis
870 4353 962 4426 injurii
972 4361 1072 4426 pereat·
1174 4409 1176 4415 ,
1212 4406 1230 4444 tt
