3034 5054
540 287 859 356 FRAGMENTA.
1229 300 1290 374 199

110 467 189 532 uitri
204 464 360 534 concionis
375 463 480 528 lotum
500 483 657 528 memores
671 459 833 528 hbertatis.
878 464 912 502 ¹⁸
922 461 1019 538 Dein,
1034 478 1073 525 ne
1088 481 1144 528 vos
1159 467 1199 530 ad
1217 461 1290 534 ¹’ri-

107 557 177 618 rilia
191 556 244 617 illa
258 573 377 627 rocem,
392 548 457 633 qub
472 552 611 612 tribunos
626 549 727 632 plebei
744 549 921 612 mandando
939 549 1107 631 patricium
1126 554 1290 634 magistra»

109 655 191 715 tum,
205 635 318 700 “libera
330 639 366 700 ab
378 637 555 698 auctoribus
564 633 856 718 patriciissuffragia
866 635 1003 718 majores
1012 636 1107 698 vestri
1120 641 1291 717 paraveret

109 723 274 810 dquarraria
287 723 440 796 Quirites,
454 721 486 784 in
502 722 590 784 vobis
602 722 642 782 sit
658 721 715 798 uti,
728 730 742 758 ⁹
751 739 822 801 quae
831 719 920 806 jussa
931 739 1013 784 nuno
1028 740 1084 802 pro
1096 723 1165 784 aliis
1179 725 1290 790 tolera·

109 811 163 886 tis,
177 831 232 893 pro
246 809 332 872 vobis
347 827 440 888 agere
456 820 585 871 autnon
605 827 696 888 agere
711 799 795 868 certe
811 803 946 887 possitis.
977 801 1112 886 sJovem
1127 823 1180 869 aut
1195 809 1292 874 alium

112 917 206 976 quera
217 896 311 957 deum
323 893 531 956 consultorem
544 891 731 978 expectatis?
751 891 871 974 Magna
882 891 1104 956 illaconsulum
1116 892 1248 974 imperia
1258 912 1294 961 et

108 997 244 1062 patrum.
255 981 393 1052 decreta,
407 982 498 1051 gvos,
513 973 713 1058 exsequendo
732 990 799 1038 tata
816 976 951 1058 efficitis,
963 973 1124 1051 Quiritem
1148 979 1294 1064 ultroque

108 1064 265 1128 licentiam
282 1064 314 1127 in
330 1083 386 1124 vos
396 1076 521 1124 auctum
534 1078 626 1161 atque
643 1063 787 1146 adjutum
801 1063 983 1144 properat-is.
1005 1057 1147 1144 1²Neque
1160 1085 1220 1150 ego
1235 1088 1293 1132 vos

109 1151 210 1214 ultum
222 1148 351 1234 injurias
362 1146 486 1221 hortor,
502 1167 605 1230 magis
617 1141 663 1210 uti
675 1147 818 1228 requiem
829 1168 865 1209 ca
887 1145 976 1210 iotis:
995 1167 1096 1228 neque
1108 1149 1294 1231 discordias,

109 1250 147 1298 ut
166 1233 231 1297 iilli
254 1234 474 1306 criminantur;
499 1233 556 1294 sed
579 1251 688 1294 earum
712 1233 804 1294 finem
825 1169 943 1309 veiens,
960 1233 1034 1317 jure
1054 1236 1194 1314 gentium
1214 1235 1293 1302 ¹¹res

107 1337 233 1402 repeto:
257 1333 299 1394 et,
314 1320 341 1380 si
357 1317 556 1400 pertinaciter
569 1316 756 1392 retinebunt,
769 1337 832 1378 non
847 1337 943 1393 arma,
957 1339 1059 1399 neque
1074 1322 1294 1402 secessionem,

106 1391 342 1471 1tantummodo
366 1425 406 1472 ne
436 1400 572 1486 amplibs
602 1403 787 1484 sanguinem
812 1416 951 1467 vestrum
979 1403 1141 1486 praebeatis
1170 1427 1294 1472 censeo.

111 1490 244 1568 Gerant,
264 1489 457 1570 habeantque
480 1508 538 1550 suo
564 1487 663 1550 modo*
686 1487 827 1572 imperia,
849 1505 986 1570 quaerant
1007 1487 1201 1572 triumphos;
1224 1493 1294 1556 Mi·

108 1557 290 1651 thridatern,
306 1573 491 1649 Sertorium,
506 1589 537 1637 et
552 1574 687 1654 reliquas
702 1575 831 1660 exulum
849 1589 1073 1657 persequantur
1088 1595 1160 1638 cum
1182 1589 1206 1616 ¹¹
1216 1581 1294 1642 ima·

108 1660 235 1745 giuibus
248 1661 325 1725 suis.
370 1658 467 1722 Absit
488 1658 662 1743 periculum
683 1673 716 1722 et
736 1659 834 1738 labos,
848 1659 962 1741 quibus
983 1659 1067 1740 uuila
1086 1680 1157 1744 pars
1173 1661 1294 1730 fruetus

501 1814 503 1820 ’
553 1821 850 1871 ΙΝΤΕΗΡΒΕΤΑΤΙΟ.

114 1984 117 1990 -
153 1952 166 1987 ²
192 1949 291 2026 Deip,
321 1947 493 2030 Postquam
520 1945 560 2008 de
590 1946 693 2030 inepta
716 1947 870 2032 rilio,quo
886 1946 963 2031 (quai
981 1947 1031 2030 re)
1050 1951 1180 2035 majores
1198 1960 1301 2020 uestri*

110 2039 213 2100 vestra
236 2032 408 2098 rationein
433 2046 571 2096 mentem
597 2036 693 2110 venit,
710 2045 903 2118 paraverunt
927 2034 986 2096 sibi
1015 2034 1175 2122 srfflagia
1199 2042 1296 2104 libera

108 2117 229 2203 'vosque
267 2118 428 2194 admonui,
455 2131 491 2198 ut
526 2117 693 2181 immutato
714 2119 938 2182 ubaurtort'bus
953 2122 1101 2203 patriciis
1115 2127 1296 2206 mandando,

109 2228 211 2284 more,
232 2207 313 2269 tardi
337 2203 406 2267 sitis
425 2203 468 2265 ad
487 2201 694 2284 loquendum,
715 2224 754 2268 eo
769 2203 837 2286 ipso
852 2221 992 2288 ternpore
1003 2228 1066 2289 quo
1081 2207 1215 2274 decretis
1228 2214 1295 2275 suis

109 2292 247 2382 prompti
272 2291 313 2358 ad
337 2288 513 2370 agendum:
538 2309 576 2350 ne
598 2289 692 2350 nolite
717 2289 952 2368 commiserunt,
968 2293 1101 2356 tribunis
1116 2295 1215 2380 plebis
1230 2320 1293 2361 arn·

110 2391 145 2442 et
155 2397 253 2442 vocem
264 2387 293 2440 et
304 2374 453 2460 impellam
467 2393 521 2439 vos
535 2374 578 2438 ad
589 2373 634 2438 illi
648 2376 692 2437 vi·
712 2375 882 2458 gistratum
894 2377 1070 2463 patriciam.
1108 2377 1111 2382 ’

648 2539 763 2598 ΝΟἙΞ.

74 2679 79 2689 ·
145 2667 263 2732 aDet'n]
281 2671 354 2734 Opus
365 2664 427 2730 init,
439 2671 471 2718 ut
483 2682 575 2720 sensus
586 2674 694 2734 apertur
715 2663 861 2720 Nam-ideo
874 2668 947 2722 istud
958 2676 1078 2736 paratum
1094 2681 1153 2724 est:
1171 2675 1248 2742 quasi
1257 2676 1296 2728 tli-

110 2744 194 2806 estet,
206 2733 284 2802 paui&
295 2727 381 2789 fusius
401 2737 645 2802 interpretationem
658 2736 684 2786 in
715 2744 772 2786 eat:
789 2738 837 2786 Me
845 2740 1028 2802 indignabundi
1039 2750 1155 2803 tanquam
1165 2746 1193 2792 in
1204 2761 1232 2794 re
1243 2747 1296 2795 aa.
1374 2739 1386 2754 ⁸

111 2806 233 2857 stituere.
711 2807 813 2867 perard,
825 2807 887 2866 quid
895 2821 941 2869 ego
953 2809 1054 2856 sentiam
1070 2809 1240 2874 interrogatis,
1253 2823 1294 2860 ot·

146 2871 163 2921 b
178 2869 283 2932 Vitr'lr'oJ
299 2869 434 2936 Loquitur.
442 2867 476 2918 de
489 2867 579 2935 populi
590 2869 695 2934 epatri·
716 2886 762 2932 que
777 2871 847 2919 Jroia
865 2876 961 2922 oraculo
979 2882 1038 2937 opus
1055 2875 1143 2926 Imbere
1159 2880 1295 2928 videmini?

110 2936 162 2989 bus
172 2938 328 2988 secessione.
716 2938 929 2994 renumerantur
946 2956 986 2990 rer
998 2944 1053 3006 ipra
1066 2943 1201 2993 clarissimo
1211 2957 1257 3006 ert,
1269 2957 1296 2996 et

114 2999 118 3006 '
146 3003 285 3065 clinare}
301 2999 385 3068 Antea
397 2999 512 3052 vidimus
524 2998 695 3055 ramnetuis-
715 3008 803 3066 oroque
819 3005 900 3054 rota?

111 3085 142 3121 tte
153 3069 304 3135 pat1·ea.qui
317 3067 427 3118 Metello
435 3067 594 3132 provinciam
607 3069 694 3118 Numi·
748 3087 767 3136 g
788 3069 850 3132 Van]
870 3071 1000 3136 Populum
1023 3071 1162 3139 dicit,.per
1181 3076 1296 3130 militare

111 3138 184 3188 diam
203 3137 383 3194 decreverant,
395 3133 456 3184 uum
476 3133 567 3200 posteo
583 3135 692 3186 eandem
714 3135 869 3202 obsequium
883 3139 1053 3204 imperatores
1066 3157 1127 3192 suos
1141 3157 1248 3209 magnos
1261 3144 1297 3194 ia·

110 3205 226 3270 populus
240 3199 324 3252 Mario
332 3199 452 3270 jusserit.
713 3219 784 3262 cere.
796 3206 852 3256 sine
862 3220 914 3270 quo
924 3205 999 3257 inane
1010 3222 1103 3258 nornen
1116 3211 1218 3260 tantum
1230 3211 1297 3262 obti·

146 3271 166 3320 d
183 3267 323 3332 Quomodo]
344 3269 376 3318 ld
389 3283 468 3320 unum
479 3267 570 3318 studet
579 3267 624 3318 bie
637 3284 694 3319 nos·
714 3279 814 3322 nerent.

112 3345 154 3388 ter
167 3337 298 3394 tribunus,
311 3342 343 3386 ut
356 3335 458 3400 plebem
471 3345 648 3394 eommoveat;
668 3349 692 3384 at
748 3338 767 3386 h
785 3340 875 3401 Neque
891 3339 955 3403 ega]
977 3338 1035 3391 lmb
1052 3339 1082 3391 id
1102 3357 1182 3392 unum
1204 3359 1296 3398 revera

112 3405 242 3468 perplexe
263 3407 311 3452 sua
327 3402 452 3461 oratione,
465 3400 536 3466 quod
554 3403 627 3466 eupit
643 3415 694 3452 nra·
716 3403 847 3456 studebat.
1149 3437 1155 3446 -

113 3467 159 3536 gis
178 3467 345 3518 divinandum
364 3467 495 3534 relinquit,
507 3463 586 3533 qubur
604 3465 693 3532 aperte
749 3469 836 3534 inu]
848 3473 933 3524 Pauci
941 3476 1038 3524 rubiler:

113 3537 230 3600 exponit
257 3533 389 3595 Prohibet,
402 3547 431 3585 ut
442 3535 508 3602 quid
518 3536 554 3584 sit
564 3533 694 3600 agendum
748 3536 846 3599 leiren]
858 3541 1018 3592 Potestatem
1028 3540 1201 3602 tribunitiam,
1212 3547 1297 3596 etJu.

114 3603 223 3659 indicits
235 3600 324 3668 fugam
338 3601 453 3664 simulat,
462 3610 492 3654 ut
504 3616 598 3667 pugnae
608 3603 694 3652 locutu
717 3618 760 3661 τις
783 3611 814 3656 ut
832 3603 924 3669 postea
940 3621 988 3671 per
1006 3605 1134 3674 suffragia
1149 3625 1205 3671 sua,
1216 3625 1296 3678 quern

114 3671 240 3720 iuveniat.
690 3723 693 3726 ,
718 3671 920 3736 velletpopulus
932 3674 1009 3723 rebus
1021 3674 1172 3739 praeficeret.
1203 3716 1206 3722 .

146 3733 330 3801 eQuaejrsao.]
343 3735 445 3786 Bellum
457 3734 697 3802 iutellige,saugui·
749 3738 973 3803 iTantunnnodo]
993 3744 1029 3790 At
1049 3741 1116 3792 illud
1136 3749 1297 3798 tantummdo

113 3817 173 3854 nem
185 3818 262 3853 suurn
275 3801 443 3866 profundere,
453 3802 606 3867 &nmque
615 3817 696 3867 popu·
717 3805 804 3854 omnia
828 3821 918 3857 secum
941 3806 1032 3867 trabit,
1053 3815 1082 3858 et
1105 3812 1296 3874 potentioribus

113 3868 155 3920 lus
172 3869 337 3936 adigebatur.
371 3869 467 3919 Sensus
479 3867 541 3920 verti
559 3873 638 3920 totius
650 3884 695 3933 pe·
717 3872 870 3937 sanguinem
882 3872 986 3939 vimque
998 3889 1101 3926 omnem
1114 3875 1213 3928 adimit.

114 3935 240 3988 riodibie
253 3952 313 3988 esse
326 3935 570 3997 videtum-libiosae
583 3941 697 3986 adarma
750 3953 776 3988 m
794 3940 966 4004 Imaginibus]
999 3939 1105 3992 Utinam
1128 3941 1190 3994 verb
1216 3945 1296 3996 hodie

114 4003 242 4067 impellere,
255 4020 401 4067 quamquam
415 4006 481 4054 vobit
497 4007 598 4054 liberum
613 4015 650 4054 ert
660 4008 696 4053 ut·-
718 4008 809 4058 Macer
827 4007 927 4072 aliquio
941 4007 1099 4070 exoriretur,
1111 4011 1157 4076 qui
1174 4012 1252 4060 inerti
1267 4023 1297 4062 et

115 4073 183 4127 dere.
207 4087 239 4120 an
254 4087 306 4122 vor.
326 4068 370 4134 qut
386 4079 434 4135 pro
451 4073 553 4120 oliorum
567 4074 697 4135 tyrannide
717 4073 862 4138 impudenti
880 4071 1010 4125 nobilitati
1021 4091 1071 4126 non
1083 4077 1156 4127 istud
1167 4075 1246 4127 modo
1260 4079 1298 4130 in.

116 4146 198 4186 tentor
211 4139 439 4200 norrealtoleraa'r,
458 4139 550 4188 sordem
561 4145 607 4202 pro
619 4139 695 4202 pobr'r,
716 4147 830 4205 gereret,
843 4141 890 4192 sed
902 4138 945 4203 eb,
957 4141 1111 4193 vanissimos
1123 4142 1251 4204 homines,
1261 4145 1298 4197 de

115 4211 142 4263 pr
153 4207 236 4252 uestra
249 4207 369 4264 libertate,
379 4222 471 4266 rumare
482 4207 569 4254 velitis.
715 4207 810 4272 quibus
820 4205 921 4260 tanturn
935 4209 1015 4260 rerba
1027 4209 1103 4270 facio,
1115 4207 1149 4260 ad
1158 4220 1296 4274 parentum

149 4265 278 4331 flavam]
296 4270 366 4320 Satis
385 4285 515 4338 superque
532 4271 636 4335 plebem
655 4285 695 4320 sr-
714 4275 826 4328 virtutes
837 4274 1015 4340 compelleret.

114 4341 231 4403 rexerat,
254 4332 375 4406 adeoque
400 4353 470 4393 nune
497 4338 582 4413 ipram
604 4335 693 4406 agitat.
