3034 5060
201 330 244 390 n
293 274 297 326 2
670 309 920 396 saccusru

200 495 234 558 in
248 493 313 556 otio
325 490 444 554 lacinus
454 507 547 552 suurn
562 507 634 550 cum
650 484 755 572 animo
768 492 924 570 reputans,
936 483 1047 546 timere
1059 483 1208 566 populum
1224 481 1265 546 R.
1280 506 1381 570 neque

200 579 352 643 adversus
368 577 446 638 iram
463 574 532 657 ejus
547 593 694 654 usquam,
708 572 767 634 nisi
784 573 816 633 in
831 571 961 632 avaritii
981 569 1184 646 llnobilitatis,
1203 581 1234 631 et
1256 573 1386 654 pecunii

183 667 268 740 «sua,
292 681 380 745 spem
404 660 527 723 habere.
573 661 684 740 Itaque
707 660 813 742 paucis
835 656 957 732 diebus,
978 677 1049 716 cum
1077 676 1163 731 auro,
1192 673 1386 742 argentoque

202 752 301 815 multo
315 747 433 829 legatos
444 744 579 807 Romam
593 745 709 806 mittit:
727 743 796 826 quis
810 743 948 824 praecipit
960 737 1005 802 uti
1018 739 1156 821 primum
1170 759 1292 806 veteres
1304 741 1384 808 ami·

138 867 140 872 ·
201 857 254 900 cns
278 832 459 896 muneribus
481 832 635 913 expleant,
651 829 725 892 dein
741 849 839 904 novos
862 827 1062 907 ¹aequirant:
1084 827 1256 908 postremi),
1272 851 1385 910 quem-

201 913 470 1002 cumquepossint
484 916 649 998 largiundo
665 930 784 998 parare,
799 936 838 974 ne
855 927 1047 975 cunctentur.
1092 911 1155 977 Sed
1172 915 1226 976 ubi
1246 915 1385 978 Romam

172 997 176 1002 ’
202 1007 297 1090 legati
310 1003 438 1076 venere,
450 1017 481 1062 et
492 989 533 1064 eit
545 1015 696 1083 praecepto
711 1001 806 1081 regis,
820 997 1028 1079 *hospitibum
1041 997 1182 1079 aliisque,
1197 1022 1332 1082 quorum
1351 1005 1387 1064 ea

202 1101 385 1172 tempestate
409 1089 440 1149 in
463 1084 765 1150 senatu‘auctoritas
788 1085 932 1167 pollebat,
954 1105 1066 1164 magna
1094 1105 1223 1148 munera
1248 1087 1388 1150 misere:

200 1193 285 1240 tanta
299 1174 522 1236 ‘commutatio
535 1173 672 1248 incessit,
683 1188 717 1234 ut
732 1193 772 1232 err
786 1171 920 1232 martin-rai
935 1171 1050 1231 invidie
1062 1169 1092 1230 in
1107 1171 1238 1250 gratiam
1252 1188 1283 1241 et
1298 1171 1393 1236 laves

190 1253 268 1326 ¹rtem
284 1260 453 1323 nobilitatis
470 1259 626 1340 Jugurtha
641 1257 772 1317 veniret.
815 1253 987 1330 dQuorum
1010 1276 1079 1336 pars
1102 1277 1167 1337 spe,
1183 1257 1236 1318 alii
1257 1261 1387 1342 praemio

198 1347 335 1426 inducti,
348 1345 488 1426 singulos
508 1365 548 1404 ex
570 1359 680 1406 senatu
702 1343 902 1416 ‘ambiendm
923 1343 1110 1416 nitebantur,
1124 1363 1162 1402 ne
1184 1337 1197 1382 f
1201 1345 1332 1424 gravius
1354 1346 1387 1410 in

199 1455 274 1496 eum
289 1431 512 1494 consuleretur.
560 1430 671 1512 Igitur,
688 1428 741 1490 ubi
757 1428 850 1508 legati
865 1421 943 1488 satis
960 1427 1131 1502 confidunt,
1146 1428 1198 1490 die
1216 1433 1387 1496 constituto

199 1535 325 1582 senatus
339 1514 479 1596 utrisque
494 1515 621 1578 gdatur.
665 1513 751 1576 Tum
769 1512 974 1574 Atherbalem
991 1513 1049 1574 hoc
1066 1514 1167 1576 modo.
1179 1515 1318 1587 locutum
1335 1513 1389 1581 acss

200 1605 352 1688 cepimus.
840 1661 841 1667 ,
1192 1660 1194 1668 χ
1356 1643 1357 1648 1

242 1693 264 1726 ‘⁶
281 1689 390 1750 Patres
407 1685 584 1768 conscripti,
602 1685 741 1768 Micipsa
763 1698 851 1768 pater
872 1701 961 1748 meus
981 1685 1120 1758 moriens
1136 1687 1213 1748 mibi
1227 1689 1385 1772 pracepit,

199 1777 220 1812 “
237 1771 284 1838 uti
316 1771 405 1854 regni
420 1771 591 1833 Numidia
609 1772 835 1833 stantummodo
864 1767 1141 1854 lprocurationem
1170 1774 1385 1840 existimarem

199 1865 220 1896 ‘⁴
236 1878 342 1922 meum
351 1882 360 1930 ς
377 1855 524 1922 caeterum
541 1854 619 1940 ijus,
635 1871 667 1919 et
681 1856 877 1939 kimperium
893 1853 989 1938 penes
1005 1878 1061 1918 vos
1077 1879 1161 1924 esset
1176 1859 1270 1922 simul
1285 1862 1383 1924 enite-

198 1949 220 1992 ᾳ
236 1967 287 2008 rer
307 1941 405 2017 domi,
420 1942 601 2026 militiaeque
623 1939 717 2025 quiin
741 1942 886 2005 maximo
902 1943 974 2003 usui
995 1964 1062 2004 esse
1083 1945 1199 2026 populo
1221 1939 1384 2008 Romano:

198 2035 226 2070 u
237 2033 293 2097 vos
304 2027 383 2093 mihi
395 2029 408 2064 ²
418 2037 699 2111 cognatorumuos
711 2027 858 2090 inlocum
871 2028 1007 2090 affinium
1019 2029 1187 2094 ducerem:
1205 2031 1281 2095 sica
1292 2029 1384 2118 lecis-

639 2233 940 2317 iuranraerarro.

240 2393 383 2454 ¹P-ostea
398 2411 491 2454 nouos
506 2391 678 2475 requirant.
737 2441 738 2444 ,
978 2427 982 2438 ,-

240 2479 254 2556 Ξ
270 2476 422 2562 Praecepit
436 2491 472 2539 ut
484 2498 537 2540 uos
547 2487 609 2561 pro
625 2476 863 2560 conpunguincis
879 2486 908 2537 et
922 2471 1064 2560 affinibus
1082 2472 1228 2536 haberem.

733 2663 849 2714 NOTAE.

231 2834 247 2868 a
260 2817 429 2882 Nobilitate]
441 2821 573 2880 Romana,
585 2815 698 2866 scilicet.
836 2813 977 2881 glintun]
1000 2813 1032 2864 ld
1046 2821 1096 2874 est,
1109 2816 1160 2864 dies
1177 2817 1334 2866 constituitur
1352 2824 1390 2870 ad

230 2885 247 2933 b
258 2885 416 2949 Hispanae]
427 2890 478 2934 Eos
491 2883 610 2948 intellige
620 2884 779 2950 quibuscum
803 2901 871 2947 quem
882 2887 908 2932 iu
921 2895 1029 2932 certatum
1039 2886 1223 2933 adruittereutur
1231 2885 1355 2948 Atloerdol
1363 2897 1388 2936 et

178 2951 181 2956 ’
197 2951 267 3010 bello
286 2947 446 3002 Numantino
459 2952 592 3018 iugurtha
608 2959 706 3001 arctam
720 2953 781 3000 arni-
803 2953 932 3014 ligurine
944 2952 1028 3014 legati,
1131 2951 1133 2956 ’

197 3020 295 3079 citiam,
308 3027 335 3068 et
354 3019 468 3083 hospitii·
481 3018 705 3070 necessitudinem
723 3035 782 3070 con·
836 3020 852 3068 h
874 3013 1101 3078 Procurctionem]
1125 3017 1386 3069 Aminnearum.-

193 3084 335 3152 junxerat;
355 3086 391 3136 ita
408 3094 438 3135 ut
458 3087 514 3150 ipse
534 3087 606 3150 apud
625 3087 694 3141 illos,
713 3086 734 3134 si
754 3087 779 3134 in
804 3087 844 3134 La
858 3084 1030 3134 Identeuance.

196 3153 272 3200 ltalia
284 3159 371 3208 esset,
391 3151 434 3212 illi
444 3153 514 3218 apud
532 3151 668 3216 ipsumsi
688 3153 712 3200 in
728 3155 781 3200 Nu·
796 3155 798 3160 ’
837 3151 922 3212 Nun]
942 3151 1150 3200 Fundamentum
1163 3156 1237 3199 notat
1249 3149 1299 3202 hoc
1313 3165 1387 3200 voca·

196 3219 304 3284 midiam
317 3219 449 3274 renitente
463 3221 667 3270 diversari-entur.
688 3219 780 3283 llospi-
804 3217 904 3274 bulum,
916 3225 960 3265 aut
972 3217 1121 3266 dominandi
1134 3219 1268 3266 rationem.
1329 3219 1332 3229 '

196 3283 229 3335 tii
241 3282 304 3334 verti
317 3286 484 3346 satiatissime
492 3284 554 3350 jura
567 3285 681 3334 luerunt.
836 3284 854 3332 k
873 3286 909 3332 Im
925 3282 1023 3346 creusa]
1045 3287 1142 3332 Totum
1158 3283 1233 3338 istud
1251 3283 1385 3339 rhetorice

229 3355 257 3402 c'
274 3347 453 3415 Comminatio]
487 3351 617 3400 Nimirum
641 3351 780 3417 ,iugurthae
802 3359 829 3400 et
840 3291 932 3404 blandi
945 3351 1070 3399 comitate
1082 3349 1196 3398 dicitur:
1214 3363 1274 3398 narn
1287 3351 1387 3416 alioqui

194 3417 298 3470 lacinus
310 3417 414 3468 eunctis
426 3419 619 3470 atrocissimum
632 3419 716 3467 visum
729 3429 779 3480 est,
804 3419 925 3482 Micipsa,
938 3416 1025 3466 iuerat
1042 3424 1070 3466 et
1081 3416 1222 3466 Masinissa
1236 3419 1264 3464 l'.
1278 3419 1388 3468 Romani

194 3487 244 3537 sed
254 3495 396 3552 ¹postquam
411 3487 524 3551 pecunia
537 3480 643 3550 quidem
659 3489 779 3552 corrupti
802 3485 897 3534 socius.
928 3483 1031 3533 Addita
1042 3483 1145 3532 fuerant
1156 3483 1280 3549 equidem
1295 3488 1387 3548 Ruma-

195 3558 268 3612 aunt,
287 3560 403 3602 mentem
422 3561 450 3602 et
468 3553 582 3602 animum
604 3561 779 3610 mutaverunt,
802 3567 893 3600 norum
909 3550 1036 3600 beneficio
1052 3551 1141 3602 multa
1155 3553 1234 3602 urbes
1244 3549 1391 3616 utriusque

194 3627 276 3684 atque
289 3620 425 3686 iugurthae
438 3620 538 3668 crimen
552 3619 707 3670 minuerunt.
802 3619 922 3681 imperio,
934 3618 1106 3682 sederetque
1118 3625 1264 3668 meruerat:
1284 3613 1337 3668 initi
1350 3617 1386 3666 fa·

228 3685 248 3732 d
263 3715 265 3723 ι
276 3685 405 3750 Quorum]
416 3727 421 3730 ,
431 3686 576 3743 Nobilium,
598 3685 711 3744 scilieet,
733 3686 778 3750 qui
802 3685 900 3734 tebitur
909 3697 969 3748 post
979 3699 1009 3734 ea
1020 3685 1224 3750 ipseAtlrerbal,
1235 3701 1287 3734 non
1299 3685 1387 3734 admo·

197 3751 250 3802 sub
271 3766 335 3802 voce
365 3755 479 3803 nobilitor
506 3752 777 3816 comp1·elienduntur;
803 3753 866 3800 dum
878 3755 1051 3802 Romanorum
1064 3751 1193 3802 fortunam
1208 3749 1386 3816 expetendam

194 3817 268 3886 quod
282 3819 422 3874 notandum
435 3841 442 3876 t
456 3835 513 3868 narn
526 3820 665 3872 relativum
679 3823 778 3880 quorum
802 3817 894 3877 luisse,
929 3833 963 3868 uo
980 3825 1098 3883 tempore
1112 3817 1198 3868 lardus
1218 3818 1309 3870 initum
1323 3831 1386 3882 curn

194 3901 246 3934 non
259 3897 318 3934 cum
336 3884 441 3934 nomine
458 3885 654 3950 expresso,sed
672 3901 733 3935 cum
749 3901 778 3936 re
803 3885 874 3948 ipsis.
909 3833 947 3934 lt
963 3900 995 3940 ne
1012 3901 1072 3950 ego,
1085 3886 1154 3947 qnod
1170 3884 1268 3950 absque
1287 3880 1387 3932 blandi-

195 3951 347 4010 intellecta,
359 3954 497 4002 consentit.
700 3958 702 3962 ’
802 3963 887 4009 mento
909 3967 1000 4002 rerum
1021 3963 1072 4013 est,
1095 3961 1207 4012 taceam,
1230 3953 1386 4016 plerumque

226 4037 242 4070 e
254 4018 405 4078 Audienda]
417 4021 498 4068 l’rout
509 4020 556 4080 sit,
568 4019 637 4069 inter
649 4018 714 4068 alios
725 4034 777 4068 ser·
800 4017 875 4069 certd
895 4019 993 4080 evenit,
1010 4026 1043 4068 ut
1066 4019 1194 4082 pattlatim
1212 4019 1263 4068 sub
1283 4015 1387 4069 sederis

194 4101 294 4146 mones,
304 4086 342 4136 illi
353 4084 490 4148 iugurtha
501 4087 601 4135 crimen
610 4085 696 4148 uerbis
707 4086 778 4135 miti·
801 4086 886 4146 titulo,
900 4086 943 4136 ille
956 4086 982 4135 in
994 4081 1081 4136 mimis
1092 4092 1227 4150 potentem
1239 4083 1388 4134 dominium

195 4153 301 4216 gabant,
311 4162 515 4218 senatorumque
526 4151 640 4204 savorem
655 4153 705 4217 ipsi
718 4167 779 4202 con·
801 4162 918 4217 usurpet,
931 4151 977 4218 qui
991 4153 1083 4218 opibus
1095 4153 1239 4216 praecellit5
1252 4151 1391 4207 libertatis

193 4219 327 4270 cilinbant.
802 4221 875 4275 inane
885 4235 977 4270 nomen
990 4230 1019 4270 ut
1031 4227 1144 4280 maneat,
1157 4217 1241 4268 surdus
1253 4220 1386 4286 pangitur,

228 4285 382 4348 sarculis]
403 4287 447 4338 Ne
464 4287 549 4334 bellum
566 4289 685 4336 aduersus
701 4288 778 4352 iputm
799 4287 873 4352 quod
886 4286 1028 4354 precariam
1043 4287 1197 4338 servitutem
1210 4285 1320 4340 inducit.
1373 4291 1376 4295 '

196 4353 666 4420 utrumme,citrtosteuijuutcareiu.
1137 4359 1139 4364 ’
1279 4354 1281 4360 “

249 4606 258 4634 l
