3034 5054
410 707 485 782 DE
509 707 821 783 REPUB'LIOA
846 705 1189 785 ORDINANDA.
1233 769 1236 776 .

667 1063 843 1132 ORATIO
865 1063 932 1130 ³11.

289 1249 395 1316 selo
416 1272 488 1334 ego,
502 1247 598 1334 quim
620 1249 755 1327 difficile,
770 1265 863 1333 atque
885 1271 1031 1333 asperum
1054 1245 1139 1316 factu
1161 1252 1213 1333 sit,
1228 1256 1400 1326 consilium

205 1337 281 1404 dare
302 1339 382 1421 regi,
400 1337 675 1419 aut'imperatori3
698 1339 857 1422 postremis
880 1339 1028 1420 cuiquam
1050 1338 1185 1416 mortali,
1208 1340 1299 1424 cujus
1319 1365 1402 1426 opes

204 1426 239 1490 iu
260 1427 384 1488 excelso
406 1438 493 1487 sunt:
518 1417 632 1506 quippe
655 1422 729 1487 cium
750 1438 782 1486 et
803 1422 864 1486 illis
886 1424 1098 1485 consultorum
1122 1423 1247 1508 bcopiae
1270 1427 1376 1490 adsint
1388 1435 1404 1502 ;‘

204 1531 309 1594 neque
324 1509 365 1572 de
380 1509 487 1573 futuro
499 1509 667 1591 quisquam
682 1505 759 1571 satis
775 1509 916 1586 callidus,
925 1504 1063 1591 satisque
1079 1510 1216 1591 prudens
1230 1512 1283 1576 sit.
1304 1513 1400 1589 Quin

203 1598 302 1660 etiam
323 1591 407 1677 saepe
430 1615 525 1678 prava
549 1589 660 1676 magis,
683 1591 777 1675 quim
799 1594 880 1656 hona
901 1595 1027 1656 consilia
1046 1593 1194 1678 prospere
1220 1601 1373 1662 eveniunt
1385 1623 1400 1673 ς

204 1681 302 1764 ‘quia
316 1681 481 1761 plerasque
495 1699 546 1740 res
561 1677 685 1742 fortuna
706 1699 748 1741 ex
768 1678 908 1742 lubidine
929 1681 983 1743 sui
997 1679 1099 1761 agitat.
1143 1679 1208 1744 Sed
1228 1682 1308 1744 mihi
1325 1697 1402 1746 stu·
1458 1745 1463 1754 ,

204 1768 297 1830 dium
318 1759 380 1826 suit
404 1765 635 1827 adolescentulo
659 1764 882 1846 rempublicam
907 1785 1079 1848 capessere,
1093 1779 1187 1847 atque
1206 1766 1242 1827 in
1263 1769 1300 1828 eb
1320 1789 1401 1850 cog·

203 1849 363 1915 noscenda
388 1845 530 1927 multam,
553 1869 761 1932 magnamque
788 1871 894 1913 curam
917 1851 1029 1913 habui:
1055 1870 1116 1912 non
1142 1851 1198 1928 ita,
1221 1847 1270 1914 uti
1295 1855 1401 1936 magi·

204 1951 339 2000 stratum
362 1933 461 1998 modu
484 1952 639 2019 caperem,
661 1957 756 2019 quem
782 1937 872 1998 multi
900 1937 991 1998 malis
1017 1937 1135 2000 artibus
1159 1937 1265 2021 adepti
1287 1953 1397 2013 eraut;

204 2023 285 2086 ¹sed
299 2021 394 2086 etiam
410 2017 458 2083 uti
481 2022 704 2104 rempublicam
727 2022 826 2101 domi,
842 2023 1035 2104 militiaeque,
1048 2021 1265 2105 quautlrmque
1285 2023 1399 2102 armis,

204 2109 293 2188 uiris,
318 2107 475 2192 opulenti&
502 2121 617 2189 posset,
646 2107 806 2190 cognitum
832 2108 990 2170 haberem.
1036 2107 1149 2190 Itaque
1176 2108 1263 2188 mihi,
1292 2111 1397 2172 multa

206 2201 282 2258 cum
303 2193 408 2257 animo
430 2192 570 2275 agitanti,
585 2193 749 2256 consilium
767 2192 838 2270 fuit,
853 2193 970 2256 famam
991 2191 1274 2277 dmodestiamque,
1287 2215 1397 2258 meam

204 2295 277 2366 post
290 2294 376 2342 tuam
392 2278 577 2360 dignitatem
601 2277 735 2355 habere;
757 2294 788 2342 et
807 2279 899 2363 cujus
913 2279 958 2342 rei
981 2279 1067 2342 lubet
1088 2281 1263 2362 periculum
1278 2279 1396 2360 facere,

103 2391 107 2398 ·
205 2367 285 2430 dum
302 2364 379 2446 quid
394 2365 450 2427 tibi
473 2385 513 2426 ex
536 2384 574 2425 eo
598 2366 702 2446 gloriae
724 2365 884 2428 acciderit.
929 2365 1032 2448 quue
1054 2386 1116 2428 uon
1136 2363 1269 2444 temere,
1284 2381 1337 2430 aut
1352 2387 1396 2429 ex

204 2450 331 2515 fortune
351 2453 414 2528 tui,
434 2450 583 2522 decrevi;
605 2451 662 2514 sed
682 2450 755 2532 quia
776 2453 808 2514 in
830 2466 872 2529 te,
891 2467 1003 2534 prater
1024 2467 1162 2530 caeteros,
1184 2467 1283 2515 artem
1304 2467 1394 2515 tuam

205 2533 336 2622 egregii:
350 2535 525 2600 mirabilem
541 2537 699 2620 comperi;
715 2557 838 2621 semper
849 2539 904 2599 tibi
919 2537 1072 2622 majorem
1089 2537 1121 2599 in
1132 2539 1286 2616 adversis,
1297 2535 1394 2620 quim

205 2621 239 2686 iu
260 2623 418 2701 secundis,
439 2623 532 2684 rebus
554 2623 693 2685 animum
717 2645 796 2685 esse.
840 2622 903 2684 Sed
925 2632 1000 2706 eper
1021 2637 1151 2688 caeteros
1174 2625 1322 2686 mortales
1341 2625 1396 2687 illa

208 2729 261 2772 res
276 2708 387 2777 clarior
402 2723 461 2786 est,
476 2705 564 2790 quud
586 2721 618 2769 et
639 2708 728 2791 prius
744 2708 859 2772 defessi
880 2709 943 2771 sint
963 2709 1105 2771 homines
1126 2710 1286 2772 laudando
1300 2725 1401 2792 atque

206 2794 394 2856 admirando
416 2791 660 2855 munificentiam
681 2809 778 2870 tuam,
794 2791 886 2877 quim
907 2809 942 2857 tu
959 2793 1101 2858 liniendo
1117 2815 1185 2876 quae
1208 2795 1304 2878 gloria
1319 2796 1391 2876 dig-

205 2899 247 2944 na
260 2893 373 2940 essent.
417 2877 578 2960 Equidem
593 2878 670 2942 mihi
692 2880 854 2942 decretum
877 2895 935 2958 est,
950 2880 1026 2942 nihil
1048 2895 1111 2942 tam
1127 2901 1168 2942 ex
1183 2882 1246 2944 alto
1261 2881 1391 2963 reperiri

204 2986 308 3050 posse,
323 2962 409 3050 quod
424 2985 485 3026 non
500 2965 647 3047 cogitanti
658 2965 715 3027 tibi
731 2967 763 3027 in
778 2982 923 3048 promptu
938 2966 994 3028 sit.
1023 2959 1138 3050 Neque
1153 2987 1223 3052 ego,
1239 2966 1309 3048 quae
1323 2966 1391 3030 visa

645 3135 945 3188 taruannensem.

246 3288 329 3351 ¹Scd
335 3287 425 3350 etiam
436 3286 486 3361 nti
494 3287 632 3350 haberem
646 3286 857 3370 rempublicam
869 3287 1036 3370 cognitam,
1047 3303 1076 3352 et
1086 3289 1242 3372 cognitum
1253 3290 1392 3356 haberem

147 3422 149 3426 -
205 3373 354 3462 quantem
368 3371 542 3464 respublica
550 3385 656 3457 posset
669 3373 748 3436 domi
764 3386 793 3438 et
807 3376 935 3455 militie,
949 3377 1057 3456 erinis,
1070 3378 1159 3457 viris,
1171 3377 1335 3462 opulentici.

739 3547 856 3596 NOTAE.

193 3735 195 3742 ,
239 3712 255 3745 a
272 3696 316 3759 ῙΙ.]
336 3699 452 3755 Nemini,
473 3699 519 3764 qui
540 3705 677 3761 utramque
696 3696 788 3747 oratio·
841 3698 1101 3766 dinumeransque]
1123 3700 1216 3768 Iniqua
1235 3702 1392 3767 plerumque

203 3776 331 3820 nemeen
343 3766 482 3829 epistolam
495 3765 599 3832 legerit,
609 3765 718 3814 dubium
728 3780 786 3814 esse
809 3764 942 3815 hominum
959 3765 1064 3834 judicia
1074 3777 1102 3818 et
1114 3776 1264 3832 perversam
1274 3769 1394 3820 volunta-

202 3834 303 3894 potest,
315 3831 378 3893 quin
392 3832 446 3881 haec
457 3831 530 3895 prior
540 3833 584 3881 sit.
808 3840 860 3882 tem
872 3834 1046 3896 experiuntur
1052 3833 1097 3900 qui
1109 3835 1167 3884 aliis
1176 3835 1312 3886 consulere
1321 3844 1392 3886 sata-

237 3895 376 3960 bGopiae.]
394 3898 537 3947 Maximam
552 3897 617 3948 facit
632 3896 786 3948 consulendi
807 3904 915 3962 tegunt:
934 3897 1055 3965 adebque
1074 3902 1141 3950 viam
1159 3902 1212 3951 sibi
1230 3902 1314 3953 munit
1335 3904 1393 3954 Sal·

200 3959 385 4013 difficultatem
394 3964 573 4014 consultorum
582 3978 714 4019 numerus.
723 3963 784 4014 duni
806 3963 911 4025 Iustius,
924 3981 956 4014 ne
968 3981 1016 4031 per
1028 3967 1232 4032 imprudentiam
1245 3977 1292 4018 aut
1304 3969 1392 4034 impu-

202 4029 364 4097 ignariesimi
376 4027 590 4093 laquacitateput
597 4045 675 4096 pravo
685 4029 784 4092 studio,
805 4030 922 4082 dentiam
931 4033 1027 4082 Caesari
1035 4030 1174 4086 consillum
1185 4034 1296 4086 dedisse
1306 4035 1392 4098 videa-

200 4095 329 4146 bonorum
339 4096 460 4145 consulto
472 4097 642 4162 depravatum
650 4104 721 4146 eunt,
806 4103 859 4146 tur·

235 4179 251 4212 c
268 4161 356 4225 Quia]
367 4163 433 4210 Hinc
447 4160 479 4210 fit
490 4170 520 4210 ut
533 4162 649 4228 imperiti
661 4177 784 4227 perversa
823 4179 852 4214 ,ε
864 4166 919 4213 Per
939 4164 1189 4232 caetnus'mortules.]
1211 4167 1268 4222 Alli
1291 4167 1391 4221 habent

203 4245 251 4278 sua
262 4230 374 4281 consilia
385 4227 453 4284 veris
470 4235 635 4295 anteponant,
650 4228 782 4296 bonosque
802 4239 848 4294 per
860 4234 916 4281 deus
926 4236 1079 4296 inmortales,
1240 4245 1242 4248 ·

202 4295 312 4362 agitent.
