3070 5034
446 302 648 372 BELLUM
672 301 1050 377 CATILINARIUM.
1298 321 1339 376 59

158 479 180 521 ‘⁶
198 475 453 552 Atheniensibus,
467 478 596 562 triginta
610 473 695 542 viros
713 480 903 565 imposuere,
916 483 969 566 qui
984 481 1207 566 rempublicam
1223 503 1334 546 eorum

157 567 179 598 ⁶⁶
196 577 370 626 tractarent.
405 564 450 624 Hi
466 563 569 645 primd
581 568 699 648 caepere
714 571 884 650 pessimum
894 589 1049 650 quemque
1059 570 1333 631 etomnlbusinvi-

158 651 179 684 ⁶⁶
195 649 509 711 sum²iudenmatum
517 669 636 712 necare.
653 651 704 714 Εὸ
714 656 845 734 populus
858 655 1005 731 laetari,et
1016 653 1241 718 meritddicere
1252 653 1329 716 lieri.

160 737 182 788 ⁶.⁶
200 732 286 806 Pbst,
299 734 350 796 ubi
362 734 511 818 paulatim
524 731 667 800 ⁶’licentia
678 741 786 814 crevit,
793 741 884 824 juxta
899 741 994 800 bonos
1005 755 1037 800 et
1049 741 1145 801 malos
1157 736 1331 802 lubidinose}

160 823 182 854 ⁶⁶
197 819 381 896 interlicere,
396 834 523 881 caeteros
537 838 623 884 metu
639 837 767 886 terrere.
813 825 861 886 lta
877 825 996 902 civitas,
1011 825 1159 886 servitute
1175 843 1335 906 oppressa,

158 907 178 940 ⁶⁶
193 906 315 967 cstultae
329 903 566 984 latitia-graves
578 925 679 990 poenas
692 909 792 970 dedit.
827 909 944 972 Nostri
960 909 1108 970 memorii
1123 909 1223 972 victor
1240 907 1337 983 Sulla,

157 991 178 1024 ‘⁶
193 988 267 1053 clun
283 987 551 1071 ⁶⁶Damasippum,
566 1009 598 1052 et
613 993 690 1056 alios
704 994 899 1078 hujusmodi,
912 993 965 1076 qui
981 993 1063 1056 malo
1078 996 1255 1076 reipublice
1269 1013 1336 1055 cre·

157 1077 178 1110 ⁶⁶
193 1090 315 1152 verant,
332 1075 469 1158 jugulari
488 1076 595 1161 jussit,
611 1078 758 1162 quianon
774 1077 891 1142 factum
906 1080 975 1162 ejus
992 1080 1156 1142 laudabat?
1182 1079 1338 1142 Homines

155 1163 176 1196 ⁶⁶
192 1161 352 1235 scelestos,
362 1175 394 1220 et
403 1161 560 1238 factiosos,
572 1165 626 1243 qul
638 1163 844 1226 seditionibus
857 1166 1079 1246 rempublicam
1094 1165 1338 1244 exagitaverant,

156 1247 176 1284 ⁶⁶
194 1244 310 1308 merito
332 1261 456 1308 necatos
479 1246 622 1311 aiebant.
656 1245 720 1308 Sed
742 1269 779 1308 ea
800 1267 851 1308 res
874 1269 992 1329 magnae
1010 1249 1136 1310 initium
1153 1249 1249 1311 cladis
1265 1249 1337 1312 luit.

154 1333 177 1368 ‘⁶
196 1331 358 1414 Namque,
373 1331 419 1392 uti
440 1330 572 1412 quisque
594 1331 738 1407 domum,
750 1347 804 1394 aut
824 1332 941 1408 villam,
955 1331 1115 1414 postremd
1133 1347 1186 1394 aut
1205 1353 1270 1409 vas,
1284 1348 1339 1398 aut

156 1419 179 1453 ⁶⁶
195 1415 418 1480 vestimentum
435 1416 566 1499 alicujus
582 1415 813 1498 concupiverat,
828 1418 921 1479 dabat
935 1437 1073 1500 operam,
1090 1431 1124 1478 ut
1139 1418 1165 1478 is
1182 1418 1242 1477 ἰιι.ο
1253 1437 1338 1500 pros·

157 1505 179 1536 ⁶⁶
196 1500 365 1582 criptarum
380 1522 511 1567 numero
525 1515 618 1564 esset.
663 1501 713 1562 Ita
728 1502 785 1578 illi,
796 1503 910 1584 quibus
929 1503 1112 1584 Damasippi
1128 1523 1212 1566 mors
1228 1501 1339 1564 letitiae

155 1589 177 1630 ⁶—‘
195 1585 307 1662 fuerat,
322 1585 415 1670 pa'uld
431 1586 502 1670 pbst
517 1587 577 1670 ipsi
600 1585 836 1650 ¹trahebantur:
861 1609 961 1670 neque
978 1587 1066 1672 priris
1082 1587 1151 1650 finis
1169 1587 1339 1670 jugulandi

155 1676 177 1708 ‘⁶
194 1670 265 1745 fuit,
279 1693 373 1754 quam
388 1672 472 1737 Sulla
483 1693 591 1734 omues
607 1693 679 1739 suos
694 1673 814 1736 divitiis
828 1674 976 1756 explevit.
1013 1673 1122 1755 Atque
1132 1693 1192 1756 ego
1201 1673 1265 1734 haec
1277 1692 1340 1735 nou

155 1761 177 1792 ⁶⁶
193 1759 226 1818 in
240 1757 292 1818 M.
306 1757 424 1834 Tullio,
436 1779 536 1840 neque
552 1759 601 1820 his
617 1757 808 1840 temporibus
820 1779 941 1820 vereor.
965 1758 1027 1822 Sed
1043 1760 1074 1820 in
1089 1761 1200 1840 magni
1213 1758 1339 1822 civitate

156 1846 179 1879 ⁶⁶
195 1843 295 1904 multa
307 1856 338 1904 et
348 1843 435 1904 varia
446 1843 570 1924 ingenia
589 1857 670 1904 sunt.
705 1841 813 1905 Potest
828 1843 889 1904 ulio
904 1859 1055 1925 tempore,
1066 1845 1127 1905 alio
1143 1843 1339 1916 cousule,cui

86 1967 90 1972 -
157 1931 179 1962 ‘⁶
196 1927 272 1989 item
287 1927 490 2000 exercitus'in
514 1948 608 1997 manu
622 1925 799 2002 sit,falsum
823 1927 943 2010 aliquid
964 1949 1020 2010 pro
1036 1947 1111 1988 vero
1129 1929 1225 1992 credi.
1270 1927 1340 1992 Ubi

156 2017 178 2047 ⁶⁶
195 2001 431 2095 hoc'exemplo,
453 2034 509 2096 per
531 2014 655 2076 senatus
681 2009 870 2088 ⁶decretum,
892 2013 998 2074 consul
1025 2013 1163 2094 gladium
1185 2014 1341 2088 eduxerit,

155 2101 178 2136 ⁶⁶
194 2096 289 2180 aquis
305 2097 349 2159 illi
366 2098 457 2160 finem
474 2113 598 2173 statuet,
612 2112 666 2160 aut
681 2098 751 2179 quie
767 2099 1002 2161 moderabitur?
1021 2098 1165 2180 Majores
1180 2099 1289 2171 nostri,
1301 2097 1339 2160 P.

155 2187 178 2221 ⁶⁶
196 2183 234 2245 C.
247 2203 349 2264 neque
365 2184 499 2258 consilii,
510 2206 610 2267 neque
627 2183 763 2245 audaciae
775 2203 911 2264 unquam
927 2186 1044 2264 egudre
1056 2203 1063 2243 ε
1074 2203 1175 2264 neque
1192 2183 1338 2264 superbia

156 2269 181 2315 ⁶⁶
196 2269 348 2346 obstabat,
363 2269 427 2351 qud
449 2269 557 2332 minus
572 2270 712 2336 instituta
731 2269 841 2344 aliena,
855 2269 881 2330 si
899 2269 995 2338 modd
1012 2270 1108 2350 proba
1121 2282 1220 2344 erant,
1235 2267 1339 2330 imita·

156 2357 178 2390 ⁶⁶
193 2369 311 2417 rentur.
357 2355 459 2416 Arma
475 2369 567 2436 atque
584 2356 644 2417 tela
664 2353 810 2416 militaria
823 2355 861 2416 ab
882 2351 1108 2430 hSamnitibus,
1125 2353 1258 2432 insignia
1275 2375 1340 2414 ma·

156 2443 179 2476 ‘⁶
195 2440 383 2524 gistratuum
398 2441 437 2502 ab
452 2438 460 2480 ⁶
473 2439 588 2504 Tuscis
601 2441 746 2538 pleraque
763 2433 958 2506 sumserunt:
983 2439 1156 2522 pdst-remd,
1172 2439 1257 2520 quod
1273 2439 1342 2500 ubi·

156 2529 179 2562 ⁶⁶
196 2523 258 2608 que
275 2525 358 2608 apud
374 2527 486 2599 socios,
502 2541 556 2590 aut
576 2525 681 2586 hostes
696 2523 844 2586 idoneum
861 2525 1035 2599 videbatur,
1050 2543 1122 2584 cum
1137 2543 1262 2584 summo
1277 2539 1341 2584 stu-

158 2616 180 2646 ‘⁶
196 2611 250 2672 dio
263 2611 351 2676 domi
367 2613 633 2693 exsequebanture
650 2609 778 2687 imitari,
791 2605 884 2690 quim
899 2609 1051 2682 invidere,
1064 2610 1163 2682 bonis,
1176 2609 1340 2672 malebant.

158 2699 180 2735 ⁶⁶
196 2695 259 2758 Sed
280 2697 394 2760 eodem
417 2697 471 2760 illo
493 2711 633 2779 tempore
650 2695 779 2764 Graeciae
801 2715 922 2758 morem
940 2694 1065 2770 imitati,
1080 2677 1340 2772 verberibus⁶aui-

161 2788 181 2840 ⁶⁶
198 2782 432 2852 madvertebant
443 2783 476 2848 iu
485 2782 581 2861 cives,
590 2783 630 2844 de
640 2780 853 2848 condemnatis
865 2799 1025 2848 summum
1036 2778 1225 2864 supplicium
1237 2797 1341 2842 sume*

599 2968 904 3023 'mrunettutstlu

409 3125 496 3208 *Ipsi
506 3124 600 3208 pauli
610 3121 683 3208 piet
697 3124 828 3206 indigne
844 3120 1086 3190 inuidobcutur.

590 3332 597 3346 .
691 3295 804 3348 uorat.
872 3277 874 3284 ⁴

196 3466 211 3498 a
224 3445 410 3513 indeminutum]
422 3451 479 3498 Hoc
489 3455 540 3507 est,
551 3447 742 3498 Gauedindictd.
795 3443 810 3494 s
819 3443 974 3507 Decretum]
987 3443 1056 3494 Illud
1068 3441 1202 3518 intellige,
1210 3455 1263 3506 quo
1276 3455 1346 3518 sitm·

161 3517 228 3566 Gall.
241 3526 305 3566 tune
317 3533 412 3566 alicuine
418 3518 501 3580 forme
511 3519 542 3566 de
549 3519 645 3578 pracda
763 3527 805 3560 ma
823 3519 941 3574 potestas
958 3510 1118 3568 consulibua,
1132 3509 1219 3558 verbu
1237 3508 1347 3556 solemn·
1384 3549 1386 3554 ,

194 3583 210 3630 b
222 3581 356 3646 ulceraria]
366 3585 489 3646 Triginta
497 3591 676 3646 tyrannorum.
686 3580 752 3630 scil.
764 3579 811 3628 bue
822 3579 997 3641 permittitur,
1010 3580 1080 3625 Dent
1088 3580 1126 3624 illi
1141 3582 1235 3638 operum
1246 3591 1276 3624 ne
1285 3577 1347 3638 quid

161 3649 206 3714 qui
224 3650 325 3714 passim
335 3651 463 3714 optimum
476 3661 615 3714 quemque,
627 3661 675 3712 per
687 3662 744 3710 aaa·
763 3647 899 3710 respublica
909 3647 1046 3692 detrirneuti
1058 3647 1148 3706 capiat

160 3717 259 3776 citiam,
276 3723 321 3764 aut
333 3716 510 3777 arnbitioitem,
527 3730 576 3766 usu
592 3711 742 3764 confirmata
795 3699 1346 3777 gQuiriti],llaximdravendumestme
1433 3750 1436 3758 .

161 3782 454 3848 tyrannidemecabant.
514 3827 524 3848 ,
763 3777 838 3830 bonis
850 3776 1029 3843 regnantibus,
1043 3791 1080 3826 eae
1092 3775 1116 3824 in
1133 3777 1213 3822 malus
1232 3775 1348 3831 sancino,

192 3863 208 3898 c
221 3847 330 3912 Stulte]
342 3849 411 3910 Quia
420 3865 469 3904 non
476 3845 643 3914 providerant
652 3845 690 3896 illi
700 3845 743 3896 bo·
764 3855 807 3892 tur
816 3846 899 3912 leges,
908 3858 1027 3908 perquas
1038 3841 1099 3892 mali
1109 3849 1201 3908 postea
1212 3841 1292 3890 bonos
1302 3852 1347 3902 op·

137 3949 138 3954 =
158 3931 206 3966 uos
223 3917 333 3982 perinde
346 3931 376 3965 ac
390 3916 471 3966 malos
483 3917 541 3966 tolli
553 3930 641 3980 posse,
651 3914 674 3963 si
688 3913 745 3978 qui·
763 3925 883 3976 pressum
895 3919 965 3962 eam.
1010 3938 1012 3944 ι
1328 3968 1334 3980 “

161 3983 209 4034 bus
219 3999 325 4046 calisam
335 3983 441 4042 dicendi
450 3991 565 4046 potestas
577 3981 744 4037 adimeretur.
797 3979 814 4027 b
829 3973 1001 4038 Samnitibus]
1025 3975 1165 4027 Samnites.
1180 3990 1227 4024 een
1240 3969 1346 4028 Sabelli,

175 4103 176 4111 ἵ
196 4049 214 4098 d
225 4047 422 4115 Damasippum]
440 4053 522 4102 llorno
532 4049 583 4100 suit
591 4047 689 4104 nullius
701 4061 744 4096 no·
765 4045 846 4095 ltaliae
858 4045 949 4108 populi
962 4057 1042 4106 supra
1053 4042 1231 4106 Campaniam,
1244 4036 1278 4084 ad
1289 4049 1349 4112 'sep-¹

164 4114 239 4164 minis
251 4119 301 4167 nisi
313 4115 388 4184 qudd
404 4119 486 4170 Marii
504 4124 592 4181 partes
607 4121 745 4178 sequutus,
766 4113 931 4162 tentriouem.
1083 4119 1087 4128 ’
1113 4175 1118 4186 ι
1226 4170 1231 4180 Ι

166 4183 272 4248 quosvis
283 4185 315 4242 ad
327 4187 410 4250 ipsius
420 4195 512 4234 muurn
524 4182 667 4238 interfecit.
799 4181 807 4228 i
822 4177 929 4238 Tincta]
951 4176 1045 4240 Populi
1062 4175 1151 4233 ltalia,
1168 4185 1233 4250 man
1255 4179 1346 4230 eorum

199 4265 213 4298 e
223 4250 440 4318 Prceeriptoru'm]
451 4250 533 4308 Eonip
543 4251 612 4309 enlm
622 4249 679 4304 auis
689 4263 747 4314 ¹spo·
766 4247 867 4296 nomine
885 4242 1046 4309 adjacentes,
1056 4255 1107 4292 uon
1125 4239 1203 4313 longe
1219 4253 1235 4285 a
1253 4235 1347 4296 Romi,

163 4315 305 4375 liubantut.
533 4365 536 4372 ,
761 4313 944 4384 adoptamur.
