3034 5060
431 241 642 374 'arcetur
665 241 1042 383 rucuarnrrr‘uu.
1270 303 1331 367 ru

142 490 188 538 ne
196 473 324 557 premia
335 465 458 536 Metelli
470 473 502 534 in
514 464 657 554 ²'peatem
669 493 757 536 auam
769 485 980 534 converteret:
997 469 1159 553 Jugurtbte
1172 467 1330 537 ”exitium

143 563 276 624 adesse:
293 577 447 635 catarum,
461 569 474 596 ⁶
484 561 589 634 suine,
604 577 643 622 an
659 558 782 623 Metelli
798 559 914 620 virtute
930 558 1057 639 periret,
1072 557 1104 618 id
1119 555 1215 620 modd
1230 559 1330 640 agita·
1385 566 1392 580 ⁴

145 647 194 707 ri:
218 646 344 729 proinde
360 661 520 727 reputaret
534 665 605 705 cum
621 644 725 708 auimo
743 665 811 717 suo,
824 645 1009 725 premia-arr
1024 641 1196 707 cruciatum
1215 645 1330 709 mallcts
1386 710 1390 719 ,

136 731 210 792 Sed
226 729 298 794 culm
313 731 361 797 hae
383 733 480 793 literae
502 731 610 806 allatae,
625 726 705 790 forte
731 730 903 804 Nabdalsa,
918 727 1056 790 exercito
1073 748 1202 810 corpore
1217 727 1330 809 lessus,
1396 760 1401 769 ·

142 815 178 878 iu
200 817 279 879 lecto
300 817 499 898 quiescebat:
527 815 593 891 ubi,
612 817 745 896 coguitis
768 815 955 876 Bomilcaris
977 814 1091 890 verbis,
1112 813 1217 896 primo
1244 835 1331 896 cura,

141 901 228 977 dein,
243 917 279 964 ut
293 923 411 980 agrum
427 903 567 962 animum
581 901 669 976 colet,
684 921 813 962 somnus
829 901 921 982 cepit.
961 898 1038 961 Erat
1051 901 1081 961 ei
1100 899 1244 962 Numida
1259 901 1331 982 qui·

140 987 217 1048 dam
234 987 432 1069 negotiorum
446 1001 570 1047 curator
580 987 671 1061 lidus,
684 999 903 1068 acceptusque,
915 999 946 1046 et
958 986 1099 1046 omnium
1115 985 1332 1064 consiliorum,
1384 1005 1393 1029 ·

139 1073 203 1134 nisi
228 1068 429 1143 dnovissimi,
451 1073 615 1154 particeps.
660 1069 727 1144 Qui
749 1087 915 1154 postquam
941 1069 1048 1132 allatas
1069 1071 1174 1134 literas
1195 1071 1332 1152 audivit,

140 1177 182 1220 ex
197 1155 423 1220 consuetudine
444 1172 530 1218 ratus
549 1158 643 1238 operi
662 1172 718 1218 aut
740 1157 865 1237 ingenio
880 1175 938 1217 auo
952 1172 1032 1236 'opus
1048 1177 1127 1232 esse,
1140 1157 1172 1218 in
1186 1159 1331 1220 taberna·
1411 1200 1417 1215 .

139 1243 249 1306 culum
277 1242 412 1315 introit3'
426 1242 601 1304 dormiente
628 1242 692 1316 illo,
717 1242 891 1323 epistolam,
913 1259 1008 1322 super
1030 1252 1122 1322 caput
1147 1242 1179 1305 in
1201 1244 1331 1324 pulvino

137 1323 263 1390 temere
280 1328 424 1409 positam,
439 1326 536 1402 simit,
552 1347 587 1387 ac
608 1326 766 1409 perleget;
788 1327 862 1386 dein
882 1323 1026 1408 propere,
1040 1327 1177 1406 cognitis
1196 1329 1331 1407 insidiis,

141 1415 185 1476 ad
201 1413 436 1496 regem'pcrgit.
461 1413 638 1488 Nabdalsa,
648 1409 721 1496 prist
732 1411 825 1494 pauld
838 1425 1048 1493 experrectus,
1063 1406 1116 1474 ubi
1130 1433 1232 1494 neque
1248 1413 1331 1494 epis·

139 1499 238 1560 tolam
260 1499 385 1580 reperit,
400 1513 432 1559 et
453 1519 519 1560 rem
542 1519 681 1574 omnem,
696 1513 731 1561 ut
750 1513 819 1560 acta
840 1512 917 1574 erat,
933 1517 973 1558 ex
991 1494 1152 1580 ‘perfugia
1172 1499 1333 1578 cognovit,

136 1581 251 1667 promd
267 1583 281 1622 f
287 1583 423 1646 indicem
439 1586 583 1666 persequi
600 1599 748 1646 conatus:
766 1579 930 1666 postquim
946 1583 980 1644 id
996 1579 1111 1645 frustrrl
1128 1581 1198 1660 fuit,
1210 1583 1330 1665 Jugur·

138 1670 226 1731 tham
242 1670 384 1752 placandi
400 1670 498 1752 gratia
514 1669 649 1731 accedit:
673 1673 764 1752 ²quae
780 1669 846 1752 ipae
864 1667 1046 1751 paravisset,
1061 1667 1192 1751 perfidia
1207 1669 1331 1734 clientis

139 1757 204 1830 s'ui,
219 1753 320 1820 lacere
336 1769 546 1834 praeventum:
569 1755 734 1816 lacrimans
749 1757 920 1816 obtestatur
939 1772 996 1835 per
1013 1753 1195 1831 amicitiam,
1210 1775 1331 1838 perque

139 1860 200 1902 aua
215 1841 304 1901 antei
320 1837 454 1900 fideliter
468 1853 546 1912 acta,
561 1859 599 1898 ne
622 1859 717 1920 super
737 1840 791 1900 tali
813 1840 929 1899 scelere
950 1853 1129 1918 suspectum
1147 1862 1215 1901 sese
1235 1841 1330 1904 habe·
1406 1901 1412 1916 ,

141 1939 203 1987 ret.
235 1923 292 1986 Ad
308 1943 344 1984 ea
359 1943 416 1986 rex
427 1921 529 1997 aliter,
544 1938 636 2004 atquc
651 1923 756 1985 animo
772 1924 908 2004 gerebat,
921 1919 1044 2004 placide
1060 1925 1230 2004 respondit.
1266 1929 1330 1990 Bo-

140 2009 282 2084 milcare,
298 2009 429 2090 aliisque
450 2007 569 2085 multis,
585 2029 665 2090 quos
687 2005 997 2070 sociosinaidiarum
1020 2024 1219 2090 cognoverat,
1235 2011 1330 2072 inter-

140 2094 244 2168 fectis,
266 2093 368 2156 giram
391 2109 597 2176 oppresserat,
622 2115 660 2156 ne
683 2095 745 2175 quit
775 2115 815 2156 ex
837 2113 875 2154 eo
897 2087 1025 2176 negotio
1047 2094 1161 2158 seditio
1183 2095 1332 2161 orireturr
1361 2161 1370 2186 ι

142 2181 261 2262 Neque¹
281 2195 352 2261 post
373 2179 406 2241 id
428 2181 567 2242 locorum
591 2180 754 2261 Jugurthae
778 2181 858 2254 dies,
874 2194 927 2241 aut
949 2200 1013 2240 nux
1034 2181 1097 2242 ulla
1119 2179 1225 2260 quieta
1246 2181 1329 2244 luite

137 2287 241 2346 neque
263 2256 344 2340 loco,
364 2287 466 2347 neque
489 2266 612 2326 mortali
635 2266 794 2346 cuiq'uarn,
814 2281 867 2327 aut
882 2262 908 2302 '¹¹
922 2265 1055 2346 tempori
1065 2255 1154 2328 'satis
1180 2267 1329 2330 credere:

139 2352 237 2432 cives,
248 2349 415 2433 hostesque
424 2351 516 2434 juxti
530 2366 691 2413 metuere:
709 2351 966 2433 circumspectare
979 2351 1094 2430 omnia,
1106 2367 1137 2414 et
1152 2355 1237 2415 omni
1251 2365 1328 2424 stre·

580 2609 885 2660 lnrstrtl’ltatnrlo.

323 2750 326 2762 ¹
365 2752 375 2780 1

181 2841 192 2882 ²
210 2843 299 2906 Dicit
314 2837 490 2925 Jugurtha‚
503 2861 537 2904 re
552 2854 743 2925 preventum
759 2839 897 2928 perfidiri
919 2838 1038 2908 clientz‘a
1055 2839 1328 2930 miseraeque

136 2933 205 3014 ipse
212 2931 400 3013 parauisset.

593 3164 596 3172 ,
674 3101 789 3152 norm.

171 3345 187 3383 a
198 3331 319 3398 Partem]
337 3329 444 3384 Scilicet
456 3331 584 3381 Metellus
597 3329 689 3380 irrisus
703 3332 718 3382 a
742 3330 843 3396 busque
860 3327 991 3395 utebatur,
1003 3329 1066 3397 quia
1076 3329 1164 3384 mimis
1176 3327 1267 3385 fallere
1280 3349 1325 3385 au·

134 3401 281 3462 Nabdalsa,
295 3403 317 3452 si
333 3403 356 3451 ia
366 3399 458 3463 *minias
470 3399 602 3464 promissa
618 3401 719 3449 servas·
742 3399 818 3456 denti
836 3403 916 3464 atque
933 3401 972 3454 illi
995 3399 1136 3450 Numidam
1154 3401 1324 3452 tabernaculo

134 3473 188 3528 set,
197 3463 396 3534 injuriam,data
406 3466 629 3525 occasionc,ultns
639 3477 717 3515 esset.
740 3463 921 3530 egredientem
948 3475 977 3516 e't
998 3463 1165 3516 festinantem
1194 3467 1325 3521 viderant.

111 3552 114 3561 ·
170 3535 186 3583 b
206 3533 337 3597 Eritium]
360 3532 501 3584 Excusatio
524 3539 567 3582 est
585 3529 717 3592 facinoris,
743 3533 791 3581 Vel
804 3529 872 3580 forte
887 3531 1001 3582 nonnulli
1015 3531 1230 3597 transfugarum
1246 3535 1324 3586 adve-

133 3602 210 3668 qnasi
219 3601 302 3661 dicat,
319 3602 516 3664 Quandoquidem
527 3599 664 3650 necessari&
673 3602 716 3650 Ju-
740 3606 843 3658 nerunt,
853 3592 900 3663 qul
911 3598 1076 3664 interrogati,
1084 3615 1145 3649 num
1155 3599 1180 3650 in
1191 3602 1323 3665 quendam

131 3671 232 3734 gurtlrae
244 3671 395 3732 per-eundum
411 3664 545 3728 cardonis
557 3677 593 3714 ert
607 3683 660 3714 eum
674 3676 717 3730 pe·
740 3657 780 3714 lta*
794 3671 822 3714 ct
840 3666 923 3716 itaet
943 3674 1063 3716 ornatum
1084 3666 1248 3732 incidissent,
1264 3687 1322 3722 rem

133 3741 186 3786 rire
203 3738 287 3791 solam,
308 3753 398 3798 noeque
417 3739 504 3783 rtrucor
522 3736 605 3782 adrem
621 3738 648 3782 in
664 3739 716 3784 e'us
738 3742 839 3782 ornnem
850 3740 1018 3798 aperuerunt.
1292 3777 1299 3792 ⁴

117 3814 210 3856 ,morte
231 3805 333 3852 salutem
353 3814 464 3868 taratrumv
479 3805 597 3851 invenire.
631 3754 714 3856 Qudm
771 3797 925 3862 fluctuent]
951 3799 1081 3850 clientem
1094 3815 1180 3862 auum,
1197 3809 1320 3870 quemeri

133 3867 196 3920 rerd
209 3884 276 3919 rana
293 3879 321 3920 et
338 3867 422 3919 futilis
440 3869 475 3918 sit
491 3866 637 3929 excusatio,
650 3869 714 3918 nihil
738 3869 817 3916 causa
829 3867 986 3918 discessisse
997 3866 1129 3936 credebat,
1141 3879 1170 3919 ut
1181 3871 1320 3936 iugurtha

133 3937 229 3999 attinet
241 3937 339 3999 djcere.
427 3943 432 3956 '
737 3936 1327 3997 conspirationemscammanilestamfaceretr

167 4017 183 4051 c
197 4002 302 4070 Sucina]
317 4002 481 4062 Bomilcaris,
492 4017 597 4067 nempe,
605 4007 637 4051 et
646 3996 715 4051 Nab-
771 4001 891 4065 girum]
914 4001 1052 4051 Simulavit
1063 4003 1197 4072 iugurtha
1209 4021 1237 4053 se
1250 4003 1320 4054 Nab·

133 4069 220 4118 dalea.
298 4131 300 4134 Ι
642 4109 644 4120 ,
729 4067 816 4117 dalsae
829 4067 907 4118 fidem
921 4069 1027 4128 habete,
1039 4086 1080 4130 ne,
1093 4071 1189 4120 ineam
1202 4071 1283 4122 talem
1295 4071 1319 4122 si

167 4133 353 4202 dilaniatione]
366 4136 537 4199 Proditionis,
548 4136 661 4196 scilicet,
670 4137 714 4185 Ju-
736 4137 834 4199 pariter
845 4137 947 4184 saeviret
964 4144 994 4186 ut
1006 4137 1034 4186 in
1051 4138 1235 4198 Bomilcarem,
1246 4129 1324 4189 sedi·¹
1374 4153 1378 4162 ’

133 4201 247 4270 gurtha.
738 4201 968 4268 ticoliquafieren
1033 4223 1038 4234 ·
1317 4241 1320 4252 .

165 4285 183 4318 e
195 4250 340 4336 Persagrffl
357 4275 411 4320 Eos
428 4269 511 4322 fuisse
528 4267 641 4320 arbitror
657 4268 714 4334 qui·
770 4271 786 4317 h
803 4271 933 4332 Tempora]
955 4269 985 4319 ld
1002 4277 1053 4330 eat,
1067 4271 1139 4333 Dira,
1152 4279 1241 4332 noctes,
1255 4271 1318 4323 omni

28 4391 30 4402 Α
132 4335 313 4412 ωεροτροτίε
325 4339 472 4391 custodiam
488 4337 645 4400 crediderat,
656 4336 714 4415 clui-
738 4340 841 4402 deniqne
852 4345 954 4400 tempore
967 4341 1094 4388 metuebat.

921 4423 935 4464 s

1038 4474 1051 4506 a

888 4546 901 4572 h

903 4581 908 4595 ι
