<?xml version="1.0" encoding="UTF-8"?>
<!DOCTYPE html PUBLIC "-//W3C//DTD XHTML 1.0 Transitional//EN"
    "http://www.w3.org/TR/xhtml1/DTD/xhtml1-transitional.dtd">
<html xmlns="http://www.w3.org/1999/xhtml" xml:lang="en" lang="en">
 <head>
  <title>
</title>
<meta http-equiv="Content-Type" content="text/html;charset=utf-8" />
  <meta name='ocr-system' content='tesseract 3.04.00' />
  <meta name='ocr-capabilities' content='ocr_page ocr_carea ocr_par ocr_line ocrx_word'/>
</head>
<body>
  <div class='ocr_page' id='page_1' title='image "./operaomniaquaee00crisgoog_0194.png"; bbox 0 0 3034 5054; ppageno 0'>
   <div class='ocr_carea' id='block_1_1' title="bbox 550 321 1300 398">
    <p class='ocr_par' dir='ltr' id='par_1_1' title="bbox 550 321 1300 398">
     <span class='ocr_line' id='line_1_1' title="bbox 550 321 1300 398; baseline 0.008 -12"><span class='ocrx_word' id='word_1_1' title='bbox 550 321 871 398; x_wconf 70' lang='lat' dir='ltr'>FRAGMENTA,</span> <span class='ocrx_word' id='word_1_2' title='bbox 1241 321 1300 394; x_wconf 81' lang='lat' dir='ltr'>tut</span> 
     </span>
    </p>
   </div>
   <div class='ocr_carea' id='block_1_2' title="bbox 41 493 1309 2138">
    <p class='ocr_par' dir='ltr' id='par_1_2' title="bbox 41 493 1309 2138">
     <span class='ocr_line' id='line_1_2' title="bbox 115 493 1303 580; baseline 0.003 -23"><span class='ocrx_word' id='word_1_3' title='bbox 115 494 338 574; x_wconf 54' lang='lat' dir='ltr'>{extollebant</span> <span class='ocrx_word' id='word_1_4' title='bbox 352 507 384 560; x_wconf 86' lang='lat' dir='ltr'>et</span> <span class='ocrx_word' id='word_1_5' title='bbox 397 493 589 580; x_wconf 78' lang='lat' dir='ltr'>ignoscendo</span> <span class='ocrx_word' id='word_1_6' title='bbox 603 495 711 579; x_wconf 87' lang='lat' dir='ltr'>populi</span> <span class='ocrx_word' id='word_1_7' title='bbox 725 495 860 560; x_wconf 85' lang='lat' dir='ltr'>Romani</span> <span class='ocrx_word' id='word_1_8' title='bbox 877 495 1126 580; x_wconf 73' lang='lat' dir='ltr'>magnitudinem</span> <span class='ocrx_word' id='word_1_9' title='bbox 1138 496 1303 574; x_wconf 82' lang='lat' dir='ltr'>¹auxisse;</span> 
     </span>
     <span class='ocr_line' id='line_1_3' title="bbox 115 580 1303 666; baseline 0.002 -20"><span class='ocrx_word' id='word_1_10' title='bbox 115 603 274 664; x_wconf 81' lang='lat' dir='ltr'>nusquam</span> <span class='ocrx_word' id='word_1_11' title='bbox 289 583 382 648; x_wconf 87' lang='lat' dir='ltr'>etiam</span> <span class='ocrx_word' id='word_1_12' title='bbox 408 597 476 647; x_wconf 88' lang='lat' dir='ltr'>tum</span> <span class='ocrx_word' id='word_1_13' title='bbox 500 583 660 666; x_wconf 89' lang='lat' dir='ltr'>Lepidum</span> <span class='ocrx_word' id='word_1_14' title='bbox 684 603 884 666; x_wconf 85' lang='lat' dir='ltr'>progressum</span> <span class='ocrx_word' id='word_1_15' title='bbox 899 583 1039 648; x_wconf 81' lang='lat' dir='ltr'>aiebant:</span> <span class='ocrx_word' id='word_1_16' title='bbox 1063 581 1137 646; x_wconf 81' lang='lat' dir='ltr'>cirin</span> <span class='ocrx_word' id='word_1_17' title='bbox 1159 580 1303 666; x_wconf 75' lang='lat' dir='ltr'>bpriuata</span> 
     </span>
     <span class='ocr_line' id='line_1_4' title="bbox 53 665 1303 752; baseline 0.002 -22"><span class='ocrx_word' id='word_1_18' title='bbox 53 731 60 742; x_wconf 75' lang='grc'>,</span> <span class='ocrx_word' id='word_1_19' title='bbox 115 689 205 732; x_wconf 87' lang='lat' dir='ltr'>arma</span> <span class='ocrx_word' id='word_1_20' title='bbox 220 665 430 750; x_wconf 72' lang='lat' dir='ltr'>opprimenda</span> <span class='ocrx_word' id='word_1_21' title='bbox 442 669 593 732; x_wconf 79' lang='lat' dir='ltr'>libertatis</span> <span class='ocrx_word' id='word_1_22' title='bbox 605 668 748 750; x_wconf 80' lang='lat' dir='ltr'>cepisset,</span> <span class='ocrx_word' id='word_1_23' title='bbox 762 669 821 732; x_wconf 88' lang='lat' dir='ltr'>sibi</span> <span class='ocrx_word' id='word_1_24' title='bbox 833 668 966 752; x_wconf 86' lang='lat' dir='ltr'>quisque</span> <span class='ocrx_word' id='word_1_25' title='bbox 978 689 1053 750; x_wconf 90' lang='lat' dir='ltr'>opes</span> <span class='ocrx_word' id='word_1_26' title='bbox 1064 684 1118 732; x_wconf 89' lang='lat' dir='ltr'>aut</span> <span class='ocrx_word' id='word_1_27' title='bbox 1132 669 1303 750; x_wconf 85' lang='lat' dir='ltr'>patrocinia</span> 
     </span>
     <span class='ocr_line' id='line_1_5' title="bbox 41 753 1303 838; baseline 0.002 -22"><span class='ocrx_word' id='word_1_28' title='bbox 41 822 43 833; x_wconf 33' lang='lat'>¹</span> <span class='ocrx_word' id='word_1_29' title='bbox 115 755 317 836; x_wconf 76' lang='lat' dir='ltr'>⁶quaerendo,</span> <span class='ocrx_word' id='word_1_30' title='bbox 332 754 498 818; x_wconf 88' lang='lat' dir='ltr'>consilium</span> <span class='ocrx_word' id='word_1_31' title='bbox 512 754 670 838; x_wconf 78' lang='lat' dir='ltr'>publicum</span> <span class='ocrx_word' id='word_1_32' title='bbox 687 762 901 837; x_wconf 75' lang='lat' dir='ltr'>corruperunt.</span> <span class='ocrx_word' id='word_1_33' title='bbox 934 756 982 818; x_wconf 88' lang='lat' dir='ltr'>At</span> <span class='ocrx_word' id='word_1_34' title='bbox 995 771 1063 818; x_wconf 85' lang='lat' dir='ltr'>tum</span> <span class='ocrx_word' id='word_1_35' title='bbox 1078 769 1146 818; x_wconf 86' lang='lat' dir='ltr'>erat</span> <span class='ocrx_word' id='word_1_36' title='bbox 1161 753 1303 835; x_wconf 79' lang='lat' dir='ltr'>Lepidus</span> 
     </span>
     <span class='ocr_line' id='line_1_6' title="bbox 115 837 1306 924; baseline 0.003 -24"><span class='ocrx_word' id='word_1_37' title='bbox 115 839 282 904; x_wconf 81' lang='lat' dir='ltr'>latrorum</span> <span class='ocrx_word' id='word_1_38' title='bbox 297 837 493 918; x_wconf 60' lang='lat' dir='ltr'>“calonibus</span> <span class='ocrx_word' id='word_1_39' title='bbox 508 858 541 906; x_wconf 88' lang='lat' dir='ltr'>et</span> <span class='ocrx_word' id='word_1_40' title='bbox 555 843 662 923; x_wconf 77' lang='lat' dir='ltr'><strong>paucis</strong></span> <span class='ocrx_word' id='word_1_41' title='bbox 672 851 686 878; x_wconf 53' lang='grc' dir='ltr'><strong>θ</strong></span> <span class='ocrx_word' id='word_1_42' title='bbox 695 841 836 914; x_wconf 87' lang='lat' dir='ltr'>sicariis;</span> <span class='ocrx_word' id='word_1_43' title='bbox 860 861 993 924; x_wconf 90' lang='lat' dir='ltr'>quorum</span> <span class='ocrx_word' id='word_1_44' title='bbox 1008 861 1103 904; x_wconf 87' lang='lat' dir='ltr'>nemo</span> <span class='ocrx_word' id='word_1_45' title='bbox 1117 859 1181 904; x_wconf 88' lang='lat' dir='ltr'>non</span> <span class='ocrx_word' id='word_1_46' title='bbox 1194 841 1306 904; x_wconf 68' lang='lat' dir='ltr'>diurni</span> 
     </span>
     <span class='ocr_line' id='line_1_7' title="bbox 115 922 1306 1010; baseline 0.002 -24"><span class='ocrx_word' id='word_1_47' title='bbox 115 927 261 991; x_wconf 80' lang='lat' dir='ltr'>mercede</span> <span class='ocrx_word' id='word_1_48' title='bbox 284 925 382 994; x_wconf 80' lang='lat' dir='ltr'>vitam</span> <span class='ocrx_word' id='word_1_49' title='bbox 406 922 420 962; x_wconf 71' lang='lat' dir='ltr'>f</span> <span class='ocrx_word' id='word_1_50' title='bbox 427 927 612 992; x_wconf 87' lang='lat' dir='ltr'>mutaverit:</span> <span class='ocrx_word' id='word_1_51' title='bbox 636 946 717 992; x_wconf 86' lang='lat' dir='ltr'>nunc</span> <span class='ocrx_word' id='word_1_52' title='bbox 736 943 784 990; x_wconf 83' lang='lat' dir='ltr'>est</span> <span class='ocrx_word' id='word_1_53' title='bbox 803 928 968 1009; x_wconf 88' lang='lat' dir='ltr'>proconsul</span> <span class='ocrx_word' id='word_1_54' title='bbox 984 947 1055 990; x_wconf 89' lang='lat' dir='ltr'>cum</span> <span class='ocrx_word' id='word_1_55' title='bbox 1078 926 1223 1010; x_wconf 85' lang='lat' dir='ltr'>imperio,</span> <span class='ocrx_word' id='word_1_56' title='bbox 1243 947 1306 990; x_wconf 86' lang='lat' dir='ltr'>nou</span> 
     </span>
     <span class='ocr_line' id='line_1_8' title="bbox 114 1008 1306 1097; baseline 0.004 -26"><span class='ocrx_word' id='word_1_57' title='bbox 114 1019 265 1094; x_wconf 60' lang='lat' dir='ltr'>‘carpto3</span> <span class='ocrx_word' id='word_1_58' title='bbox 287 1011 345 1074; x_wconf 87' lang='lat' dir='ltr'>sed</span> <span class='ocrx_word' id='word_1_59' title='bbox 359 1011 435 1076; x_wconf 90' lang='lat' dir='ltr'>dato</span> <span class='ocrx_word' id='word_1_60' title='bbox 449 1008 468 1074; x_wconf 78' lang='lat' dir='ltr'>t</span> <span class='ocrx_word' id='word_1_61' title='bbox 483 1012 572 1078; x_wconf 87' lang='lat' dir='ltr'>vobis</span> <span class='ocrx_word' id='word_1_62' title='bbox 591 1030 664 1086; x_wconf 79' lang='lat' dir='ltr'>cum</span> <span class='ocrx_word' id='word_1_63' title='bbox 684 1013 796 1096; x_wconf 85' lang='lat' dir='ltr'>legatis</span> <span class='ocrx_word' id='word_1_64' title='bbox 811 1012 915 1076; x_wconf 86' lang='lat' dir='ltr'>adbuc</span> <span class='ocrx_word' id='word_1_65' title='bbox 934 1009 951 1052; x_wconf 75' lang='lat'>¹¹</span> <span class='ocrx_word' id='word_1_66' title='bbox 957 1012 1030 1097; x_wconf 91' lang='lat' dir='ltr'>jure</span> <span class='ocrx_word' id='word_1_67' title='bbox 1050 1012 1248 1094; x_wconf 88' lang='lat' dir='ltr'>parentibus:</span> <span class='ocrx_word' id='word_1_68' title='bbox 1273 1029 1306 1076; x_wconf 89' lang='lat' dir='ltr'>et</span> 
     </span>
     <span class='ocr_line' id='line_1_9' title="bbox 116 1097 1305 1179; baseline 0.002 -21"><span class='ocrx_word' id='word_1_69' title='bbox 116 1097 157 1165; x_wconf 81' lang='lat' dir='ltr'>ad</span> <span class='ocrx_word' id='word_1_70' title='bbox 178 1117 252 1159; x_wconf 84' lang='lat' dir='ltr'>curn</span> <span class='ocrx_word' id='word_1_71' title='bbox 279 1117 463 1166; x_wconf 81' lang='lat' dir='ltr'>concurrere</span> <span class='ocrx_word' id='word_1_72' title='bbox 486 1099 630 1164; x_wconf 86' lang='lat' dir='ltr'>homines</span> <span class='ocrx_word' id='word_1_73' title='bbox 650 1099 795 1163; x_wconf 88' lang='lat' dir='ltr'>omnium</span> <span class='ocrx_word' id='word_1_74' title='bbox 814 1099 961 1162; x_wconf 84' lang='lat' dir='ltr'>ordinum</span> <span class='ocrx_word' id='word_1_75' title='bbox 979 1098 1228 1179; x_wconf 78' lang='lat' dir='ltr'>corruptissimi3</span> <span class='ocrx_word' id='word_1_76' title='bbox 1250 1098 1305 1161; x_wconf 88' lang='lat' dir='ltr'>lla·</span> 
     </span>
     <span class='ocr_line' id='line_1_10' title="bbox 115 1183 1305 1269; baseline 0.003 -25"><span class='ocrx_word' id='word_1_77' title='bbox 115 1196 240 1264; x_wconf 77' lang='lat' dir='ltr'>grantes</span> <span class='ocrx_word' id='word_1_78' title='bbox 261 1183 365 1264; x_wconf 69' lang='lat' dir='ltr'>inopini</span> <span class='ocrx_word' id='word_1_79' title='bbox 381 1197 413 1248; x_wconf 89' lang='lat' dir='ltr'>et</span> <span class='ocrx_word' id='word_1_80' title='bbox 425 1185 625 1269; x_wconf 80' lang='lat' dir='ltr'>cupidinibus</span> <span class='ocrx_word' id='word_1_81' title='bbox 635 1209 645 1258; x_wconf 76' lang='lat' dir='ltr'>t</span> <span class='ocrx_word' id='word_1_82' title='bbox 667 1185 821 1248; x_wconf 84' lang='lat' dir='ltr'>scelerum</span> <span class='ocrx_word' id='word_1_83' title='bbox 836 1184 1024 1248; x_wconf 72' lang='lat' dir='ltr'>consciendi</span> <span class='ocrx_word' id='word_1_84' title='bbox 1042 1184 1211 1266; x_wconf 73' lang='lat' dir='ltr'>exagitatis</span> <span class='ocrx_word' id='word_1_85' title='bbox 1234 1185 1305 1266; x_wconf 87' lang='lat' dir='ltr'>qui·</span> 
     </span>
     <span class='ocr_line' id='line_1_11' title="bbox 112 1267 1306 1352; baseline 0.002 -22"><span class='ocrx_word' id='word_1_86' title='bbox 112 1269 173 1330; x_wconf 88' lang='lat' dir='ltr'>bus</span> <span class='ocrx_word' id='word_1_87' title='bbox 191 1269 294 1349; x_wconf 87' lang='lat' dir='ltr'>quies,</span> <span class='ocrx_word' id='word_1_88' title='bbox 309 1267 348 1329; x_wconf 90' lang='lat' dir='ltr'>in</span> <span class='ocrx_word' id='word_1_89' title='bbox 362 1269 581 1348; x_wconf 77' lang='lat' dir='ltr'>seditionibus,</span> <span class='ocrx_word' id='word_1_90' title='bbox 593 1271 625 1332; x_wconf 89' lang='lat' dir='ltr'>in</span> <span class='ocrx_word' id='word_1_91' title='bbox 639 1289 728 1352; x_wconf 86' lang='lat' dir='ltr'>pace,</span> <span class='ocrx_word' id='word_1_92' title='bbox 739 1271 837 1331; x_wconf 78' lang='lat' dir='ltr'>turba</span> <span class='ocrx_word' id='word_1_93' title='bbox 852 1286 941 1334; x_wconf 83' lang='lat' dir='ltr'>sunt:</span> <span class='ocrx_word' id='word_1_94' title='bbox 965 1271 998 1331; x_wconf 94' lang='lat' dir='ltr'>hi</span> <span class='ocrx_word' id='word_1_95' title='bbox 1014 1270 1183 1332; x_wconf 89' lang='lat' dir='ltr'>tumultum</span> <span class='ocrx_word' id='word_1_96' title='bbox 1200 1289 1240 1330; x_wconf 83' lang='lat' dir='ltr'>ex</span> <span class='ocrx_word' id='word_1_97' title='bbox 1255 1285 1306 1332; x_wconf 90' lang='lat' dir='ltr'>tu·</span> 
     </span>
     <span class='ocr_line' id='line_1_12' title="bbox 115 1351 1309 1436; baseline 0 -20"><span class='ocrx_word' id='word_1_98' title='bbox 115 1355 232 1428; x_wconf 82' lang='lat' dir='ltr'>multu,</span> <span class='ocrx_word' id='word_1_99' title='bbox 255 1353 372 1420; x_wconf 86' lang='lat' dir='ltr'>bellum</span> <span class='ocrx_word' id='word_1_100' title='bbox 398 1375 440 1418; x_wconf 83' lang='lat' dir='ltr'>ex</span> <span class='ocrx_word' id='word_1_101' title='bbox 461 1355 554 1429; x_wconf 88' lang='lat' dir='ltr'>bello,</span> <span class='ocrx_word' id='word_1_102' title='bbox 575 1368 693 1420; x_wconf 80' lang='lat' dir='ltr'>senmt·</span> <span class='ocrx_word' id='word_1_103' title='bbox 736 1351 912 1419; x_wconf 60' lang='lat' dir='ltr'>{Saturnini</span> <span class='ocrx_word' id='word_1_104' title='bbox 934 1355 1023 1432; x_wconf 91' lang='lat' dir='ltr'>olim,</span> <span class='ocrx_word' id='word_1_105' title='bbox 1043 1353 1117 1436; x_wconf 79' lang='lat' dir='ltr'>post</span> <span class='ocrx_word' id='word_1_106' title='bbox 1140 1351 1309 1436; x_wconf 71' lang='lat' dir='ltr'>kSulpicii,</span> 
     </span>
     <span class='ocr_line' id='line_1_13' title="bbox 115 1437 1306 1525; baseline 0 -23"><span class='ocrx_word' id='word_1_107' title='bbox 115 1438 192 1512; x_wconf 83' lang='lat' dir='ltr'>dei&#39;n</span> <span class='ocrx_word' id='word_1_108' title='bbox 211 1437 325 1517; x_wconf 83' lang='lat' dir='ltr'>Marii,</span> <span class='ocrx_word' id='word_1_109' title='bbox 346 1437 625 1525; x_wconf 84' lang='lat' dir='ltr'>¹Damasippique,</span> <span class='ocrx_word' id='word_1_110' title='bbox 639 1461 722 1508; x_wconf 83' lang='lat' dir='ltr'>nunc</span> <span class='ocrx_word' id='word_1_111' title='bbox 744 1440 872 1524; x_wconf 82' lang='lat' dir='ltr'>Lepidi,</span> <span class='ocrx_word' id='word_1_112' title='bbox 888 1441 1047 1504; x_wconf 74' lang='lat' dir='ltr'>satellites.</span> <span class='ocrx_word' id='word_1_113' title='bbox 1092 1437 1247 1502; x_wconf 73' lang='lat' dir='ltr'>Praetereb</span> <span class='ocrx_word' id='word_1_114' title='bbox 1261 1441 1306 1502; x_wconf 80' lang='lat' dir='ltr'>E-</span> 
     </span>
     <span class='ocr_line' id='line_1_14' title="bbox 114 1524 1308 1610; baseline 0.003 -24"><span class='ocrx_word' id='word_1_115' title='bbox 114 1524 227 1600; x_wconf 79' lang='lat' dir='ltr'>truria,</span> <span class='ocrx_word' id='word_1_116' title='bbox 241 1539 334 1608; x_wconf 83' lang='lat' dir='ltr'>atque</span> <span class='ocrx_word' id='word_1_117' title='bbox 348 1545 459 1600; x_wconf 81' lang='lat' dir='ltr'>umnec</span> <span class='ocrx_word' id='word_1_118' title='bbox 472 1537 496 1566; x_wconf 78' lang='lat'>¹¹²</span> <span class='ocrx_word' id='word_1_119' title='bbox 506 1527 647 1609; x_wconf 66' lang='lat' dir='ltr'>reliquie</span> <span class='ocrx_word' id='word_1_120' title='bbox 659 1527 732 1588; x_wconf 88' lang='lat' dir='ltr'>belli</span> <span class='ocrx_word' id='word_1_121' title='bbox 745 1537 874 1588; x_wconf 77' lang='lat' dir='ltr'>arrectae</span> <span class='ocrx_word' id='word_1_122' title='bbox 887 1551 896 1599; x_wconf 89' lang='lat'>;</span> <span class='ocrx_word' id='word_1_123' title='bbox 920 1525 1080 1610; x_wconf 76' lang='lat' dir='ltr'>Hispaniae</span> <span class='ocrx_word' id='word_1_124' title='bbox 1092 1524 1190 1588; x_wconf 84' lang='lat' dir='ltr'>armis</span> <span class='ocrx_word' id='word_1_125' title='bbox 1204 1527 1308 1590; x_wconf 87' lang='lat' dir='ltr'>solici-</span> 
     </span>
     <span class='ocr_line' id='line_1_15' title="bbox 115 1610 1308 1700; baseline 0.002 -28"><span class='ocrx_word' id='word_1_126' title='bbox 115 1622 206 1684; x_wconf 72' lang='lat' dir='ltr'>tatae5</span> <span class='ocrx_word' id='word_1_127' title='bbox 229 1610 440 1675; x_wconf 87' lang='lat' dir='ltr'>Mithridates</span> <span class='ocrx_word' id='word_1_128' title='bbox 460 1611 492 1676; x_wconf 87' lang='lat' dir='ltr'>in</span> <span class='ocrx_word' id='word_1_129' title='bbox 514 1613 608 1676; x_wconf 85' lang='lat' dir='ltr'>latere</span> <span class='ocrx_word' id='word_1_130' title='bbox 631 1611 831 1700; x_wconf 74' lang='lat' dir='ltr'>vestigalium</span> <span class='ocrx_word' id='word_1_131' title='bbox 854 1627 1042 1686; x_wconf 87' lang='lat' dir='ltr'>nostrorum,</span> <span class='ocrx_word' id='word_1_132' title='bbox 1066 1612 1180 1694; x_wconf 89' lang='lat' dir='ltr'>quibus</span> <span class='ocrx_word' id='word_1_133' title='bbox 1205 1611 1308 1676; x_wconf 82' lang='lat' dir='ltr'>adhuc</span> 
     </span>
     <span class='ocr_line' id='line_1_16' title="bbox 115 1696 1308 1780; baseline 0.003 -24"><span class='ocrx_word' id='word_1_134' title='bbox 115 1709 340 1776; x_wconf 84' lang='lat' dir='ltr'>sustentamur,</span> <span class='ocrx_word' id='word_1_135' title='bbox 347 1696 433 1762; x_wconf 89' lang='lat' dir='ltr'>diem</span> <span class='ocrx_word' id='word_1_136' title='bbox 448 1698 528 1760; x_wconf 90' lang='lat' dir='ltr'>bello</span> <span class='ocrx_word' id='word_1_137' title='bbox 543 1697 773 1780; x_wconf 76' lang='lat' dir='ltr'>circumspicit:</span> <span class='ocrx_word' id='word_1_138' title='bbox 791 1697 878 1780; x_wconf 90' lang='lat' dir='ltr'>quin,</span> <span class='ocrx_word' id='word_1_139' title='bbox 888 1713 1002 1778; x_wconf 82' lang='lat' dir='ltr'>praeter</span> <span class='ocrx_word' id='word_1_140' title='bbox 1014 1697 1162 1762; x_wconf 89' lang='lat' dir='ltr'>idoneum</span> <span class='ocrx_word' id='word_1_141' title='bbox 1178 1697 1308 1774; x_wconf 87' lang='lat' dir='ltr'>ducem,</span> 
     </span>
     <span class='ocr_line' id='line_1_17' title="bbox 114 1779 1307 1866; baseline 0.002 -22"><span class='ocrx_word' id='word_1_142' title='bbox 114 1779 193 1844; x_wconf 85' lang='lat' dir='ltr'>nibil</span> <span class='ocrx_word' id='word_1_143' title='bbox 205 1781 292 1842; x_wconf 86' lang='lat' dir='ltr'>abest</span> <span class='ocrx_word' id='word_1_144' title='bbox 303 1785 345 1844; x_wconf 86' lang='lat' dir='ltr'>ad</span> <span class='ocrx_word' id='word_1_145' title='bbox 359 1784 605 1846; x_wconf 85' lang='lat' dir='ltr'>subvertendum</span> <span class='ocrx_word' id='word_1_146' title='bbox 622 1783 801 1864; x_wconf 84' lang='lat' dir='ltr'>imperium.</span> <span class='ocrx_word' id='word_1_147' title='bbox 844 1793 859 1822; x_wconf 85' lang='lat'>¹¹</span> <span class='ocrx_word' id='word_1_148' title='bbox 871 1783 967 1857; x_wconf 80' lang='lat' dir='ltr'>Quod</span> <span class='ocrx_word' id='word_1_149' title='bbox 983 1805 1043 1864; x_wconf 78' lang='lat' dir='ltr'>ego</span> <span class='ocrx_word' id='word_1_150' title='bbox 1058 1805 1116 1845; x_wconf 84' lang='lat' dir='ltr'>voa</span> <span class='ocrx_word' id='word_1_151' title='bbox 1130 1803 1198 1856; x_wconf 90' lang='lat' dir='ltr'>oro,</span> <span class='ocrx_word' id='word_1_152' title='bbox 1212 1799 1307 1866; x_wconf 87' lang='lat' dir='ltr'>atquc</span> 
     </span>
     <span class='ocr_line' id='line_1_18' title="bbox 116 1865 1307 1948; baseline 0.004 -20"><span class='ocrx_word' id='word_1_153' title='bbox 116 1865 264 1942; x_wconf 74' lang='lat' dir='ltr'>obsecro,</span> <span class='ocrx_word' id='word_1_154' title='bbox 275 1866 312 1927; x_wconf 84' lang='grc' dir='ltr'>Ρ.</span> <span class='ocrx_word' id='word_1_155' title='bbox 329 1866 369 1928; x_wconf 86' lang='lat' dir='ltr'>C.</span> <span class='ocrx_word' id='word_1_156' title='bbox 384 1880 421 1928; x_wconf 93' lang='lat' dir='ltr'>ut</span> <span class='ocrx_word' id='word_1_157' title='bbox 432 1867 701 1942; x_wconf 84' lang='lat' dir='ltr'>animadvertatis,</span> <span class='ocrx_word' id='word_1_158' title='bbox 714 1887 775 1928; x_wconf 86' lang='lat' dir='ltr'>neu</span> <span class='ocrx_word' id='word_1_159' title='bbox 791 1867 953 1948; x_wconf 86' lang='lat' dir='ltr'>patiamini</span> <span class='ocrx_word' id='word_1_160' title='bbox 968 1868 1125 1930; x_wconf 85' lang='lat' dir='ltr'>licentiam</span> <span class='ocrx_word' id='word_1_161' title='bbox 1140 1868 1307 1946; x_wconf 87' lang='lat' dir='ltr'>scelerum,</span> 
     </span>
     <span class='ocr_line' id='line_1_19' title="bbox 116 1951 1309 2034; baseline 0.002 -20"><span class='ocrx_word' id='word_1_162' title='bbox 116 1952 208 2032; x_wconf 87' lang='lat' dir='ltr'>quasi</span> <span class='ocrx_word' id='word_1_163' title='bbox 231 1951 363 2028; x_wconf 85' lang='lat' dir='ltr'>rabiem,</span> <span class='ocrx_word' id='word_1_164' title='bbox 383 1952 424 2016; x_wconf 89' lang='lat' dir='ltr'>ad</span> <span class='ocrx_word' id='word_1_165' title='bbox 446 1953 607 2034; x_wconf 68' lang='lat' dir='ltr'>lintegros</span> <span class='ocrx_word' id='word_1_166' title='bbox 629 1965 773 2014; x_wconf 88' lang='lat' dir='ltr'>contactu</span> <span class='ocrx_word' id='word_1_167' title='bbox 795 1952 976 2033; x_wconf 88' lang='lat' dir='ltr'>procedere.</span> <span class='ocrx_word' id='word_1_168' title='bbox 1022 1951 1108 2013; x_wconf 90' lang='lat' dir='ltr'>Nam</span> <span class='ocrx_word' id='word_1_169' title='bbox 1132 1953 1186 2014; x_wconf 92' lang='lat' dir='ltr'>ubi</span> <span class='ocrx_word' id='word_1_170' title='bbox 1209 1955 1309 2016; x_wconf 87' lang='lat' dir='ltr'>malos</span> 
     </span>
     <span class='ocr_line' id='line_1_20' title="bbox 115 2033 1308 2138; baseline 0.003 -39"><span class='ocrx_word' id='word_1_171' title='bbox 115 2035 244 2138; x_wconf 74' lang='lat' dir='ltr'>praemia</span> <span class='ocrx_word' id='word_1_172' title='bbox 265 2050 450 2122; x_wconf 83' lang='lat' dir='ltr'>sequuntur,</span> <span class='ocrx_word' id='word_1_173' title='bbox 464 2037 550 2102; x_wconf 85' lang='lat' dir='ltr'>haud</span> <span class='ocrx_word' id='word_1_174' title='bbox 567 2033 661 2112; x_wconf 68' lang='lat' dir='ltr'>facili</span> <span class='ocrx_word' id='word_1_175' title='bbox 676 2037 844 2120; x_wconf 89' lang='lat' dir='ltr'>quisquam</span> <span class='ocrx_word' id='word_1_176' title='bbox 866 2033 1012 2122; x_wconf 72' lang='lat' dir='ltr'>gratuitis</span> <span class='ocrx_word' id='word_1_177' title='bbox 1029 2036 1128 2098; x_wconf 89' lang='lat' dir='ltr'>bonus</span> <span class='ocrx_word' id='word_1_178' title='bbox 1148 2051 1206 2099; x_wconf 90' lang='lat' dir='ltr'>est.</span> <span class='ocrx_word' id='word_1_179' title='bbox 1252 2037 1308 2102; x_wconf 88' lang='lat' dir='ltr'>An</span> 
     </span>
    </p>
   </div>
   <div class='ocr_carea' id='block_1_3' title="bbox 563 2209 971 2262">
    <p class='ocr_par' dir='ltr' id='par_1_3' title="bbox 563 2209 971 2262">
     <span class='ocr_line' id='line_1_21' title="bbox 563 2209 971 2262; baseline -0.02 0"><span class='ocrx_word' id='word_1_180' title='bbox 563 2209 865 2262; x_wconf 71' lang='lat' dir='ltr'>mauritanum.</span> <span class='ocrx_word' id='word_1_181' title='bbox 968 2249 971 2254; x_wconf 91' lang='lat'>.</span> 
     </span>
    </p>
   </div>
   <div class='ocr_carea' id='block_1_4' title="bbox 116 2362 1316 2710">
    <p class='ocr_par' dir='ltr' id='par_1_4' title="bbox 116 2362 1316 2710">
     <span class='ocr_line' id='line_1_22' title="bbox 162 2362 1187 2452; baseline -0.004 -24"><span class='ocrx_word' id='word_1_182' title='bbox 162 2365 174 2400; x_wconf 90' lang='lat'>¹</span> <span class='ocrx_word' id='word_1_183' title='bbox 191 2363 339 2428; x_wconf 69' lang='lat' dir='ltr'>Ceterum</span> <span class='ocrx_word' id='word_1_184' title='bbox 349 2365 407 2440; x_wconf 86' lang='lat' dir='ltr'>illi,</span> <span class='ocrx_word' id='word_1_185' title='bbox 419 2365 474 2452; x_wconf 83' lang='lat' dir='ltr'>qui</span> <span class='ocrx_word' id='word_1_186' title='bbox 484 2363 593 2446; x_wconf 75' lang='lat' dir='ltr'>gentis</span> <span class='ocrx_word' id='word_1_187' title='bbox 609 2363 704 2426; x_wconf 81' lang='lat' dir='ltr'>AEmi·</span> <span class='ocrx_word' id='word_1_188' title='bbox 727 2362 800 2426; x_wconf 84' lang='lat' dir='ltr'>bant</span> <span class='ocrx_word' id='word_1_189' title='bbox 815 2362 963 2444; x_wconf 86' lang='lat' dir='ltr'>Lepidum</span> <span class='ocrx_word' id='word_1_190' title='bbox 972 2373 1187 2448; x_wconf 81' lang='lat' dir='ltr'>progressum.</span> 
     </span>
     <span class='ocr_line' id='line_1_23' title="bbox 116 2447 1310 2540; baseline -0.005 -22"><span class='ocrx_word' id='word_1_191' title='bbox 116 2451 167 2518; x_wconf 80' lang='lat' dir='ltr'>lic</span> <span class='ocrx_word' id='word_1_192' title='bbox 181 2449 336 2540; x_wconf 71' lang='lat' dir='ltr'>benefacta</span> <span class='ocrx_word' id='word_1_193' title='bbox 352 2451 533 2515; x_wconf 84' lang='lat' dir='ltr'>extollebant</span> <span class='ocrx_word' id='word_1_194' title='bbox 541 2474 557 2526; x_wconf 68' lang='lat'>.·¹</span> <span class='ocrx_word' id='word_1_195' title='bbox 575 2461 604 2516; x_wconf 87' lang='lat' dir='ltr'>et</span> <span class='ocrx_word' id='word_1_196' title='bbox 619 2451 703 2513; x_wconf 89' lang='lat' dir='ltr'>dice·</span> <span class='ocrx_word' id='word_1_197' title='bbox 768 2449 782 2486; x_wconf 77' lang='lat'><em>²</em></span> <span class='ocrx_word' id='word_1_198' title='bbox 797 2447 881 2514; x_wconf 84' lang='lat' dir='ltr'>Neue</span> <span class='ocrx_word' id='word_1_199' title='bbox 897 2449 1064 2531; x_wconf 85' lang='lat' dir='ltr'>patiamini</span> <span class='ocrx_word' id='word_1_200' title='bbox 1079 2449 1232 2512; x_wconf 84' lang='lat' dir='ltr'>licentiam</span> <span class='ocrx_word' id='word_1_201' title='bbox 1246 2468 1310 2512; x_wconf 84' lang='lat' dir='ltr'>sce-</span> 
     </span>
     <span class='ocr_line' id='line_1_24' title="bbox 117 2528 1309 2620; baseline -0.003 -20"><span class='ocrx_word' id='word_1_202' title='bbox 117 2539 193 2618; x_wconf 83' lang='lat' dir='ltr'>bant</span> <span class='ocrx_word' id='word_1_203' title='bbox 207 2537 447 2620; x_wconf 74' lang='lat' dir='ltr'>magnitudinem</span> <span class='ocrx_word' id='word_1_204' title='bbox 463 2528 502 2608; x_wconf 68' lang='lat' dir='ltr'>P&#39;.</span> <span class='ocrx_word' id='word_1_205' title='bbox 517 2535 559 2598; x_wconf 88' lang='lat' dir='ltr'>R.</span> <span class='ocrx_word' id='word_1_206' title='bbox 572 2537 706 2598; x_wconf 85' lang='lat' dir='ltr'>creuisse</span> <span class='ocrx_word' id='word_1_207' title='bbox 727 2535 821 2612; x_wconf 77' lang='lat' dir='ltr'>lerwn</span> <span class='ocrx_word' id='word_1_208' title='bbox 837 2536 925 2619; x_wconf 83' lang='lat' dir='ltr'>quasi</span> <span class='ocrx_word' id='word_1_209' title='bbox 942 2535 1054 2600; x_wconf 84' lang='lat' dir='ltr'>rabiem</span> <span class='ocrx_word' id='word_1_210' title='bbox 1064 2535 1228 2617; x_wconf 81' lang='lat' dir='ltr'>procedere</span> <span class='ocrx_word' id='word_1_211' title='bbox 1241 2555 1309 2596; x_wconf 88' lang='lat' dir='ltr'>con-</span> 
     </span>
     <span class='ocr_line' id='line_1_25' title="bbox 116 2621 1316 2710; baseline -0.008 -20"><span class='ocrx_word' id='word_1_212' title='bbox 116 2623 320 2708; x_wconf 68' lang='lat' dir='ltr'>ignoscenda·</span> <span class='ocrx_word' id='word_1_213' title='bbox 342 2643 491 2710; x_wconf 75' lang='lat' dir='ltr'>nusquam</span> <span class='ocrx_word' id='word_1_214' title='bbox 510 2621 608 2686; x_wconf 74' lang='lat' dir='ltr'>adduc</span> <span class='ocrx_word' id='word_1_215' title='bbox 622 2622 704 2684; x_wconf 62' lang='lat' dir='ltr'>uide</span> <span class='ocrx_word' id='word_1_216' title='bbox 727 2631 812 2684; x_wconf 85' lang='lat' dir='ltr'>tactu</span> <span class='ocrx_word' id='word_1_217' title='bbox 822 2621 866 2684; x_wconf 86' lang='lat' dir='ltr'>ad</span> <span class='ocrx_word' id='word_1_218' title='bbox 876 2641 926 2684; x_wconf 84' lang='lat' dir='ltr'>eos</span> <span class='ocrx_word' id='word_1_219' title='bbox 941 2625 993 2708; x_wconf 81' lang='lat' dir='ltr'>qui</span> <span class='ocrx_word' id='word_1_220' title='bbox 1005 2641 1066 2684; x_wconf 86' lang='lat' dir='ltr'>non</span> <span class='ocrx_word' id='word_1_221' title='bbox 1076 2633 1149 2682; x_wconf 90' lang='lat' dir='ltr'>sunt</span> <span class='ocrx_word' id='word_1_222' title='bbox 1160 2621 1316 2704; x_wconf 66' lang='lat' dir='ltr'>corrupti„</span> 
     </span>
    </p>
   </div>
   <div class='ocr_carea' id='block_1_5' title="bbox 591 2790 776 2871">
    <p class='ocr_par' dir='ltr' id='par_1_5' title="bbox 591 2790 776 2871">
     <span class='ocr_line' id='line_1_26' title="bbox 591 2790 776 2871; baseline -0.005 -30"><span class='ocrx_word' id='word_1_223' title='bbox 591 2857 594 2871; x_wconf 32' lang='grc' dir='ltr'>ι</span> <span class='ocrx_word' id='word_1_224' title='bbox 658 2790 776 2844; x_wconf 77' lang='lat' dir='ltr'>NOTAE.</span> 
     </span>
    </p>
   </div>
   <div class='ocr_carea' id='block_1_6' title="bbox 117 2897 1361 4446">
    <p class='ocr_par' dir='ltr' id='par_1_6' title="bbox 117 2897 1361 4446">
     <span class='ocr_line' id='line_1_27' title="bbox 152 2897 1312 2968; baseline -0.003 -14"><span class='ocrx_word' id='word_1_225' title='bbox 152 2901 369 2968; x_wconf 59' lang='lat' dir='ltr'>scintillabant]</span> <span class='ocrx_word' id='word_1_226' title='bbox 389 2907 436 2958; x_wconf 78' lang='lat' dir='ltr'>Ut.</span> <span class='ocrx_word' id='word_1_227' title='bbox 455 2901 567 2961; x_wconf 84' lang='lat' dir='ltr'>scillcet,</span> <span class='ocrx_word' id='word_1_228' title='bbox 584 2908 704 2952; x_wconf 87' lang='lat' dir='ltr'>senatum</span> <span class='ocrx_word' id='word_1_229' title='bbox 761 2898 935 2964; x_wconf 65' lang='lat' dir='ltr'>iSaturninc&#39;]</span> <span class='ocrx_word' id='word_1_230' title='bbox 949 2900 998 2952; x_wconf 77' lang='lat' dir='ltr'>liic</span> <span class='ocrx_word' id='word_1_231' title='bbox 1011 2899 1178 2950; x_wconf 82' lang='lat' dir='ltr'>Gracchanas</span> <span class='ocrx_word' id='word_1_232' title='bbox 1189 2900 1263 2966; x_wconf 79' lang='lat' dir='ltr'>leges</span> <span class='ocrx_word' id='word_1_233' title='bbox 1275 2897 1312 2950; x_wconf 81' lang='lat' dir='ltr'>ai-</span> 
     </span>
     <span class='ocr_line' id='line_1_28' title="bbox 117 2964 1310 3036; baseline -0.006 -11"><span class='ocrx_word' id='word_1_234' title='bbox 117 2969 453 3036; x_wconf 76' lang='lat' dir='ltr'>udmiaericorclism,erga</span> <span class='ocrx_word' id='word_1_235' title='bbox 459 2969 589 3036; x_wconf 80' lang='lat' dir='ltr'>Lepidum</span> <span class='ocrx_word' id='word_1_236' title='bbox 598 2964 705 3018; x_wconf 74' lang='lat' dir='ltr'>facilius</span> <span class='ocrx_word' id='word_1_237' title='bbox 725 2964 823 3028; x_wconf 79' lang='lat' dir='ltr'>ferens,</span> <span class='ocrx_word' id='word_1_238' title='bbox 834 2967 992 3020; x_wconf 80' lang='lat' dir='ltr'>seditionem</span> <span class='ocrx_word' id='word_1_239' title='bbox 1004 2966 1066 3019; x_wconf 79' lang='lat' dir='ltr'>antri</span> <span class='ocrx_word' id='word_1_240' title='bbox 1080 2967 1190 3036; x_wconf 84' lang='lat' dir='ltr'>aliquod</span> <span class='ocrx_word' id='word_1_241' title='bbox 1207 2979 1310 3032; x_wconf 85' lang='lat' dir='ltr'>tempus</span> 
     </span>
     <span class='ocr_line' id='line_1_29' title="bbox 117 3035 852 3090; baseline -0.008 -1"><span class='ocrx_word' id='word_1_242' title='bbox 117 3035 294 3090; x_wconf 86' lang='lat' dir='ltr'>adducerent.</span> <span class='ocrx_word' id='word_1_243' title='bbox 725 3042 852 3087; x_wconf 75' lang='lat' dir='ltr'>mouerat</span> 
     </span>
     <span class='ocr_line' id='line_1_30' title="bbox 155 3099 1312 3168; baseline -0.003 -15"><span class='ocrx_word' id='word_1_244' title='bbox 155 3103 172 3153; x_wconf 93' lang='lat' dir='ltr'>b</span> <span class='ocrx_word' id='word_1_245' title='bbox 183 3101 320 3168; x_wconf 75' lang='lat' dir='ltr'>Privata]</span> <span class='ocrx_word' id='word_1_246' title='bbox 332 3103 364 3154; x_wconf 84' lang='lat' dir='ltr'>ld</span> <span class='ocrx_word' id='word_1_247' title='bbox 375 3111 428 3163; x_wconf 87' lang='lat' dir='ltr'>est,</span> <span class='ocrx_word' id='word_1_248' title='bbox 441 3104 501 3156; x_wconf 65' lang='lat' dir='ltr'>&amp;ue</span> <span class='ocrx_word' id='word_1_249' title='bbox 511 3105 613 3163; x_wconf 74' lang='lat' dir='ltr'>renatis</span> <span class='ocrx_word' id='word_1_250' title='bbox 623 3114 705 3152; x_wconf 66' lang='lat' dir='ltr'>aucta</span> <span class='ocrx_word' id='word_1_251' title='bbox 760 3101 779 3152; x_wconf 86' lang='lat' dir='ltr'>k</span> <span class='ocrx_word' id='word_1_252' title='bbox 794 3100 921 3166; x_wconf 73' lang='lat' dir='ltr'>Sulpicii]</span> <span class='ocrx_word' id='word_1_253' title='bbox 939 3101 989 3152; x_wconf 76' lang='lat' dir='ltr'>liis</span> <span class='ocrx_word' id='word_1_254' title='bbox 999 3101 1119 3154; x_wconf 83' lang='lat' dir='ltr'>tribunus</span> <span class='ocrx_word' id='word_1_255' title='bbox 1131 3099 1227 3165; x_wconf 80' lang='lat' dir='ltr'>plebis,</span> <span class='ocrx_word' id='word_1_256' title='bbox 1238 3099 1312 3150; x_wconf 88' lang='lat' dir='ltr'>anni-</span> 
     </span>
     <span class='ocr_line' id='line_1_31' title="bbox 119 3169 1312 3236; baseline -0.006 -12"><span class='ocrx_word' id='word_1_257' title='bbox 119 3175 204 3224; x_wconf 83' lang='lat' dir='ltr'>rimte.</span> <span class='ocrx_word' id='word_1_258' title='bbox 423 3173 428 3181; x_wconf 87' lang='lat'><em>&#39;</em></span> <span class='ocrx_word' id='word_1_259' title='bbox 690 3197 695 3202; x_wconf 96' lang='lat'>·</span> <span class='ocrx_word' id='word_1_260' title='bbox 728 3177 799 3219; x_wconf 89' lang='lat' dir='ltr'>tente</span> <span class='ocrx_word' id='word_1_261' title='bbox 818 3171 915 3228; x_wconf 80' lang='lat' dir='ltr'>Mario,</span> <span class='ocrx_word' id='word_1_262' title='bbox 927 3170 1012 3236; x_wconf 72' lang='lat' dir='ltr'>legem</span> <span class='ocrx_word' id='word_1_263' title='bbox 1030 3169 1106 3228; x_wconf 80' lang='lat' dir='ltr'>tulit,</span> <span class='ocrx_word' id='word_1_264' title='bbox 1118 3179 1148 3217; x_wconf 90' lang='lat' dir='ltr'>ut</span> <span class='ocrx_word' id='word_1_265' title='bbox 1164 3169 1257 3218; x_wconf 81' lang='lat' dir='ltr'>exules</span> <span class='ocrx_word' id='word_1_266' title='bbox 1272 3183 1312 3217; x_wconf 90' lang='lat' dir='ltr'>re·</span> 
     </span>
     <span class='ocr_line' id='line_1_32' title="bbox 155 3234 1311 3302; baseline -0.006 -13"><span class='ocrx_word' id='word_1_267' title='bbox 155 3235 340 3302; x_wconf 61' lang='lat' dir='ltr'>cunradi]</span> <span class='ocrx_word' id='word_1_268' title='bbox 361 3242 426 3294; x_wconf 80' lang='lat' dir='ltr'>Rem</span> <span class='ocrx_word' id='word_1_269' title='bbox 440 3237 518 3288; x_wconf 84' lang='lat' dir='ltr'>istam</span> <span class='ocrx_word' id='word_1_270' title='bbox 530 3235 636 3288; x_wconf 81' lang='lat' dir='ltr'>Catonis</span> <span class='ocrx_word' id='word_1_271' title='bbox 648 3251 705 3288; x_wconf 82' lang='lat' dir='ltr'>rer·</span> <span class='ocrx_word' id='word_1_272' title='bbox 727 3244 893 3296; x_wconf 79' lang='lat' dir='ltr'>vocarentur,</span> <span class='ocrx_word' id='word_1_273' title='bbox 904 3245 932 3286; x_wconf 88' lang='lat' dir='ltr'>et</span> <span class='ocrx_word' id='word_1_274' title='bbox 943 3243 973 3286; x_wconf 88' lang='lat' dir='ltr'>ut</span> <span class='ocrx_word' id='word_1_275' title='bbox 990 3236 1046 3302; x_wconf 86' lang='lat' dir='ltr'>ipse</span> <span class='ocrx_word' id='word_1_276' title='bbox 1065 3234 1166 3284; x_wconf 82' lang='lat' dir='ltr'>Marius</span> <span class='ocrx_word' id='word_1_277' title='bbox 1185 3234 1311 3284; x_wconf 84' lang='lat' dir='ltr'>adversus</span> 
     </span>
     <span class='ocr_line' id='line_1_33' title="bbox 119 3299 1313 3371; baseline -0.007 -13"><span class='ocrx_word' id='word_1_278' title='bbox 119 3306 163 3358; x_wconf 86' lang='lat' dir='ltr'>bis</span> <span class='ocrx_word' id='word_1_279' title='bbox 181 3307 217 3362; x_wconf 83' lang='lat' dir='ltr'>ita</span> <span class='ocrx_word' id='word_1_280' title='bbox 231 3305 357 3370; x_wconf 73' lang='lat' dir='ltr'>proferas.</span> <span class='ocrx_word' id='word_1_281' title='bbox 392 3307 446 3356; x_wconf 80' lang='lat' dir='ltr'>Sibi</span> <span class='ocrx_word' id='word_1_282' title='bbox 462 3307 565 3371; x_wconf 75' lang='lat' dir='ltr'>picisque</span> <span class='ocrx_word' id='word_1_283' title='bbox 581 3306 705 3354; x_wconf 64' lang='lat' dir='ltr'>connium</span> <span class='ocrx_word' id='word_1_284' title='bbox 728 3303 911 3354; x_wconf 83' lang='lat' dir='ltr'>Mithridatem</span> <span class='ocrx_word' id='word_1_285' title='bbox 929 3303 985 3354; x_wconf 77' lang='lat' dir='ltr'>(lua</span> <span class='ocrx_word' id='word_1_286' title='bbox 1005 3309 1155 3352; x_wconf 73' lang='lat' dir='ltr'>emereturz</span> <span class='ocrx_word' id='word_1_287' title='bbox 1178 3299 1313 3364; x_wconf 85' lang='lat' dir='ltr'>proscrip-</span> 
     </span>
     <span class='ocr_line' id='line_1_34' title="bbox 121 3367 1313 3450; baseline -0.006 -27"><span class='ocrx_word' id='word_1_288' title='bbox 121 3376 249 3437; x_wconf 73' lang='lat' dir='ltr'>capiendo,</span> <span class='ocrx_word' id='word_1_289' title='bbox 258 3391 284 3422; x_wconf 83' lang='lat' dir='ltr'>eo</span> <span class='ocrx_word' id='word_1_290' title='bbox 294 3373 383 3442; x_wconf 76' lang='lat' dir='ltr'>sustris</span> <span class='ocrx_word' id='word_1_291' title='bbox 398 3383 435 3424; x_wconf 83' lang='lat' dir='ltr'>eet</span> <span class='ocrx_word' id='word_1_292' title='bbox 448 3377 552 3438; x_wconf 80' lang='lat' dir='ltr'>impetur</span> <span class='ocrx_word' id='word_1_293' title='bbox 562 3374 590 3420; x_wconf 82' lang='lat' dir='ltr'>in</span> <span class='ocrx_word' id='word_1_294' title='bbox 600 3385 705 3420; x_wconf 78' lang='lat' dir='ltr'>uacuam</span> <span class='ocrx_word' id='word_1_295' title='bbox 728 3379 771 3419; x_wconf 87' lang='lat' dir='ltr'>tus</span> <span class='ocrx_word' id='word_1_296' title='bbox 782 3370 879 3420; x_wconf 85' lang='lat' dir='ltr'>deinde</span> <span class='ocrx_word' id='word_1_297' title='bbox 891 3367 908 3420; x_wconf 74' lang='lat' dir='ltr'>b</span> <span class='ocrx_word' id='word_1_298' title='bbox 919 3371 1000 3448; x_wconf 74' lang='lat' dir='ltr'>Sylla,</span> <span class='ocrx_word' id='word_1_299' title='bbox 1013 3367 1029 3420; x_wconf 73' lang='lat' dir='ltr'>i</span> <span class='ocrx_word' id='word_1_300' title='bbox 1041 3383 1117 3419; x_wconf 82' lang='lat' dir='ltr'>servo</span> <span class='ocrx_word' id='word_1_301' title='bbox 1128 3367 1261 3432; x_wconf 86' lang='lat' dir='ltr'>proditus,</span> <span class='ocrx_word' id='word_1_302' title='bbox 1272 3383 1313 3450; x_wconf 54' lang='lat' dir='ltr'>re:</span> 
     </span>
     <span class='ocr_line' id='line_1_35' title="bbox 121 3437 1313 3570; baseline -0.006 -14"><span class='ocrx_word' id='word_1_303' title='bbox 121 3441 336 3570; x_wconf 57' lang='lat' dir='ltr'>redpdisioiiidua]</span> <span class='ocrx_word' id='word_1_304' title='bbox 347 3505 421 3560; x_wconf 85' lang='lat' dir='ltr'>Serri</span> <span class='ocrx_word' id='word_1_305' title='bbox 433 3513 496 3558; x_wconf 86' lang='lat' dir='ltr'>surrt</span> <span class='ocrx_word' id='word_1_306' title='bbox 508 3503 631 3556; x_wconf 86' lang='lat' dir='ltr'>militum.</span> <span class='ocrx_word' id='word_1_307' title='bbox 652 3506 707 3556; x_wconf 85' lang='lat' dir='ltr'>Des</span> <span class='ocrx_word' id='word_1_308' title='bbox 728 3437 1313 3565; x_wconf 46' lang='lat' dir='ltr'>diffdiitiriitgbciddicidiiimainbrnvriddudiirid</span> 
     </span>
     <span class='ocr_line' id='line_1_36' title="bbox 126 3565 1313 3638; baseline -0.006 -15"><span class='ocrx_word' id='word_1_309' title='bbox 126 3575 240 3638; x_wconf 82' lang='lat' dir='ltr'>Goujatr.</span> <span class='ocrx_word' id='word_1_310' title='bbox 730 3571 830 3625; x_wconf 84' lang='lat' dir='ltr'>statim,</span> <span class='ocrx_word' id='word_1_311' title='bbox 844 3572 877 3619; x_wconf 93' lang='lat' dir='ltr'>ob</span> <span class='ocrx_word' id='word_1_312' title='bbox 889 3573 976 3620; x_wconf 88' lang='lat' dir='ltr'>scelus</span> <span class='ocrx_word' id='word_1_313' title='bbox 987 3585 1052 3634; x_wconf 81' lang='lat' dir='ltr'>erga</span> <span class='ocrx_word' id='word_1_314' title='bbox 1059 3567 1191 3618; x_wconf 86' lang='lat' dir='ltr'>dominum</span> <span class='ocrx_word' id='word_1_315' title='bbox 1203 3565 1313 3618; x_wconf 77' lang='lat' dir='ltr'>deserto</span> 
     </span>
     <span class='ocr_line' id='line_1_37' title="bbox 156 3631 1313 3704; baseline -0.006 -12"><span class='ocrx_word' id='word_1_316' title='bbox 156 3639 706 3704; x_wconf 57' lang='lat' dir='ltr'>eutiam]calinicuncueaaseaium:</span> <span class='ocrx_word' id='word_1_317' title='bbox 729 3639 843 3701; x_wconf 81' lang='lat' dir='ltr'>Tarpeio</span> <span class='ocrx_word' id='word_1_318' title='bbox 863 3635 996 3702; x_wconf 84' lang='lat' dir='ltr'>dejectus,</span> <span class='ocrx_word' id='word_1_319' title='bbox 1011 3635 1092 3685; x_wconf 87' lang='lat' dir='ltr'>simul</span> <span class='ocrx_word' id='word_1_320' title='bbox 1108 3631 1229 3698; x_wconf 87' lang='lat' dir='ltr'>ejusdem</span> <span class='ocrx_word' id='word_1_321' title='bbox 1248 3632 1313 3685; x_wconf 85' lang='lat' dir='ltr'>lacti</span> 
     </span>
     <span class='ocr_line' id='line_1_38' title="bbox 124 3703 1271 3774; baseline -0.009 -14"><span class='ocrx_word' id='word_1_322' title='bbox 124 3709 168 3760; x_wconf 85' lang='lat' dir='ltr'>der</span> <span class='ocrx_word' id='word_1_323' title='bbox 183 3707 376 3774; x_wconf 62' lang='lat' dir='ltr'>Coupeq&#39;arretr.</span> <span class='ocrx_word' id='word_1_324' title='bbox 730 3703 866 3770; x_wconf 83' lang='lat' dir='ltr'>praemium</span> <span class='ocrx_word' id='word_1_325' title='bbox 875 3714 905 3752; x_wconf 88' lang='lat' dir='ltr'>et</span> <span class='ocrx_word' id='word_1_326' title='bbox 916 3717 1015 3766; x_wconf 78' lang='lat' dir='ltr'>pronam</span> <span class='ocrx_word' id='word_1_327' title='bbox 1028 3706 1209 3763; x_wconf 84' lang='lat' dir='ltr'>consequutus</span> <span class='ocrx_word' id='word_1_328' title='bbox 1221 3708 1271 3750; x_wconf 92' lang='lat' dir='ltr'>est.</span> 
     </span>
     <span class='ocr_line' id='line_1_39' title="bbox 157 3764 1315 3840; baseline -0.008 -14"><span class='ocrx_word' id='word_1_329' title='bbox 157 3773 347 3838; x_wconf 67' lang='lat' dir='ltr'>mutaverit]</span> <span class='ocrx_word' id='word_1_330' title='bbox 360 3777 417 3826; x_wconf 83' lang='lat' dir='ltr'>Hoc</span> <span class='ocrx_word' id='word_1_331' title='bbox 428 3773 496 3828; x_wconf 87' lang='lat' dir='ltr'>dicit</span> <span class='ocrx_word' id='word_1_332' title='bbox 507 3771 707 3840; x_wconf 85' lang='lat' dir='ltr'>permaximum</span> <span class='ocrx_word' id='word_1_333' title='bbox 764 3773 775 3821; x_wconf 95' lang='lat' dir='ltr'>l</span> <span class='ocrx_word' id='word_1_334' title='bbox 787 3767 1005 3834; x_wconf 69' lang='lat' dir='ltr'>Damasippique]</span> <span class='ocrx_word' id='word_1_335' title='bbox 1020 3768 1071 3818; x_wconf 85' lang='lat' dir='ltr'>llic</span> <span class='ocrx_word' id='word_1_336' title='bbox 1082 3769 1180 3816; x_wconf 75' lang='lat' dir='ltr'>Praetor</span> <span class='ocrx_word' id='word_1_337' title='bbox 1188 3764 1315 3826; x_wconf 79' lang='lat' dir='ltr'>fuit,nul-</span> 
     </span>
     <span class='ocr_line' id='line_1_40' title="bbox 122 3833 1313 3906; baseline -0.012 -12"><span class='ocrx_word' id='word_1_338' title='bbox 122 3857 214 3904; x_wconf 72' lang='lat' dir='ltr'>eorum</span> <span class='ocrx_word' id='word_1_339' title='bbox 225 3843 383 3896; x_wconf 87' lang='lat' dir='ltr'>nebulonum</span> <span class='ocrx_word' id='word_1_340' title='bbox 389 3847 588 3906; x_wconf 66' lang='lat' dir='ltr'>contemptum</span> <span class='ocrx_word' id='word_1_341' title='bbox 600 3838 709 3890; x_wconf 83' lang='lat' dir='ltr'>utrilis·</span> <span class='ocrx_word' id='word_1_342' title='bbox 732 3839 760 3889; x_wconf 70' lang='lat' dir='ltr'>la</span> <span class='ocrx_word' id='word_1_343' title='bbox 772 3837 870 3887; x_wconf 86' lang='lat' dir='ltr'>virtute</span> <span class='ocrx_word' id='word_1_344' title='bbox 882 3836 1020 3901; x_wconf 85' lang='lat' dir='ltr'>praeditus,</span> <span class='ocrx_word' id='word_1_345' title='bbox 1032 3835 1078 3902; x_wconf 84' lang='lat' dir='ltr'>qui</span> <span class='ocrx_word' id='word_1_346' title='bbox 1090 3847 1123 3884; x_wconf 81' lang='lat' dir='ltr'>ea</span> <span class='ocrx_word' id='word_1_347' title='bbox 1136 3835 1215 3884; x_wconf 87' lang='lat' dir='ltr'>Marii</span> <span class='ocrx_word' id='word_1_348' title='bbox 1225 3833 1313 3884; x_wconf 88' lang='lat' dir='ltr'>volun-</span> 
     </span>
     <span class='ocr_line' id='line_1_41' title="bbox 124 3899 1315 3976; baseline -0.008 -16"><span class='ocrx_word' id='word_1_349' title='bbox 124 3907 707 3976; x_wconf 79' lang='lat' dir='ltr'>siutosfuiaseintelligatur,quiritanisuam</span> <span class='ocrx_word' id='word_1_350' title='bbox 731 3915 795 3968; x_wconf 74' lang='lat' dir='ltr'>tate,</span> <span class='ocrx_word' id='word_1_351' title='bbox 808 3905 905 3970; x_wconf 77' lang='lat' dir='ltr'>Syllani</span> <span class='ocrx_word' id='word_1_352' title='bbox 922 3901 1035 3954; x_wconf 88' lang='lat' dir='ltr'>nominis</span> <span class='ocrx_word' id='word_1_353' title='bbox 1051 3901 1205 3954; x_wconf 76' lang='lat' dir='ltr'>defensores</span> <span class='ocrx_word' id='word_1_354' title='bbox 1222 3899 1315 3950; x_wconf 87' lang='lat' dir='ltr'>crude·</span> 
     </span>
     <span class='ocr_line' id='line_1_42' title="bbox 124 3971 984 4042; baseline -0.006 -18"><span class='ocrx_word' id='word_1_355' title='bbox 124 3989 173 4039; x_wconf 85' lang='lat' dir='ltr'>pro</span> <span class='ocrx_word' id='word_1_356' title='bbox 190 3977 378 4028; x_wconf 81' lang='lat' dir='ltr'>alimentorum</span> <span class='ocrx_word' id='word_1_357' title='bbox 393 3975 479 4042; x_wconf 85' lang='lat' dir='ltr'>pretio</span> <span class='ocrx_word' id='word_1_358' title='bbox 496 3975 647 4032; x_wconf 82' lang='lat' dir='ltr'>condonare</span> <span class='ocrx_word' id='word_1_359' title='bbox 658 3987 708 4024; x_wconf 88' lang='lat' dir='ltr'>uon</span> <span class='ocrx_word' id='word_1_360' title='bbox 733 3971 833 4024; x_wconf 76' lang='lat' dir='ltr'>lissirnd</span> <span class='ocrx_word' id='word_1_361' title='bbox 852 3972 984 4020; x_wconf 83' lang='lat' dir='ltr'>mactavit.</span> 
     </span>
     <span class='ocr_line' id='line_1_43' title="bbox 125 4031 1361 4103; baseline -0.012 -6"><span class='ocrx_word' id='word_1_362' title='bbox 125 4041 285 4096; x_wconf 80' lang='lat' dir='ltr'>dubitarent.</span> <span class='ocrx_word' id='word_1_363' title='bbox 767 4055 793 4091; x_wconf 89' lang='lat' dir='ltr'>m</span> <span class='ocrx_word' id='word_1_364' title='bbox 804 4038 943 4102; x_wconf 61' lang='lat' dir='ltr'>usurum]</span> <span class='ocrx_word' id='word_1_365' title='bbox 956 4040 995 4090; x_wconf 87' lang='lat' dir='ltr'>De</span> <span class='ocrx_word' id='word_1_366' title='bbox 1006 4031 1325 4103; x_wconf 75' lang='lat' dir='ltr'>iisloquiturquibMa--</span> <span class='ocrx_word' id='word_1_367' title='bbox 1352 4047 1361 4069; x_wconf 87' lang='lat'>··</span> 
     </span>
     <span class='ocr_line' id='line_1_44' title="bbox 160 4105 1004 4176; baseline -0.015 -9"><span class='ocrx_word' id='word_1_368' title='bbox 160 4122 180 4172; x_wconf 69' lang='grc' dir='ltr'>Β</span> <span class='ocrx_word' id='word_1_369' title='bbox 191 4111 307 4176; x_wconf 75' lang='lat' dir='ltr'>Empta]</span> <span class='ocrx_word' id='word_1_370' title='bbox 325 4110 410 4164; x_wconf 82' lang='lat' dir='ltr'>&#39;Prcut</span> <span class='ocrx_word' id='word_1_371' title='bbox 427 4105 513 4170; x_wconf 74' lang='lat' dir='ltr'>antei,</span> <span class='ocrx_word' id='word_1_372' title='bbox 525 4107 653 4176; x_wconf 87' lang='lat' dir='ltr'>quamdiu</span> <span class='ocrx_word' id='word_1_373' title='bbox 663 4110 711 4158; x_wconf 77' lang='lat' dir='ltr'>Ie-</span> <span class='ocrx_word' id='word_1_374' title='bbox 732 4106 768 4157; x_wconf 83' lang='lat' dir='ltr'>rii</span> <span class='ocrx_word' id='word_1_375' title='bbox 779 4115 854 4172; x_wconf 85' lang='lat' dir='ltr'>parts</span> <span class='ocrx_word' id='word_1_376' title='bbox 868 4113 1004 4156; x_wconf 83' lang='lat' dir='ltr'>steterant.</span> 
     </span>
     <span class='ocr_line' id='line_1_45' title="bbox 126 4165 1096 4242; baseline -0.003 -19"><span class='ocrx_word' id='word_1_377' title='bbox 126 4175 206 4240; x_wconf 87' lang='lat' dir='ltr'>pidus</span> <span class='ocrx_word' id='word_1_378' title='bbox 218 4181 327 4242; x_wconf 75' lang='lat' dir='ltr'>pecunit</span> <span class='ocrx_word' id='word_1_379' title='bbox 340 4180 390 4232; x_wconf 61' lang='lat' dir='ltr'>aui</span> <span class='ocrx_word' id='word_1_380' title='bbox 398 4177 539 4232; x_wconf 77' lang='lat' dir='ltr'>conductis</span> <span class='ocrx_word' id='word_1_381' title='bbox 549 4176 653 4226; x_wconf 88' lang='lat' dir='ltr'>sicariis</span> <span class='ocrx_word' id='word_1_382' title='bbox 665 4173 711 4224; x_wconf 79' lang='lat' dir='ltr'>sti-</span> <span class='ocrx_word' id='word_1_383' title='bbox 766 4190 784 4224; x_wconf 89' lang='grc' dir='ltr'>ιι</span> <span class='ocrx_word' id='word_1_384' title='bbox 801 4169 891 4236; x_wconf 65' lang='lat' dir='ltr'>Quart]</span> <span class='ocrx_word' id='word_1_385' title='bbox 905 4175 1013 4238; x_wconf 78' lang='lat' dir='ltr'>Propter</span> <span class='ocrx_word' id='word_1_386' title='bbox 1024 4165 1096 4235; x_wconf 65' lang='lat' dir='ltr'>abaci.</span> 
     </span>
     <span class='ocr_line' id='line_1_46' title="bbox 122 4244 358 4308; baseline 0.017 -16"><span class='ocrx_word' id='word_1_387' title='bbox 122 4252 206 4308; x_wconf 85' lang='lat' dir='ltr'>patus</span> <span class='ocrx_word' id='word_1_388' title='bbox 215 4244 358 4296; x_wconf 79' lang='lat' dir='ltr'>incedebat.</span> 
     </span>
     <span class='ocr_line' id='line_1_47' title="bbox 161 4307 712 4386; baseline -0.005 -26"><span class='ocrx_word' id='word_1_389' title='bbox 161 4307 279 4373; x_wconf 64' lang='lat' dir='ltr'>hrum]</span> <span class='ocrx_word' id='word_1_390' title='bbox 299 4311 409 4363; x_wconf 69' lang='lat' dir='ltr'>Scilicet</span> <span class='ocrx_word' id='word_1_391' title='bbox 430 4309 583 4386; x_wconf 59' lang='lat' dir='ltr'>impensuri</span> <span class='ocrx_word' id='word_1_392' title='bbox 603 4325 656 4371; x_wconf 54' lang='lat' dir='ltr'>suo,</span> <span class='ocrx_word' id='word_1_393' title='bbox 668 4322 712 4376; x_wconf 83' lang='lat' dir='ltr'>pa-</span> 
     </span>
     <span class='ocr_line' id='line_1_48' title="bbox 127 4379 434 4446; baseline 0 -18"><span class='ocrx_word' id='word_1_394' title='bbox 127 4391 186 4430; x_wconf 85' lang='lat' dir='ltr'>rtre</span> <span class='ocrx_word' id='word_1_395' title='bbox 194 4382 321 4430; x_wconf 80' lang='lat' dir='ltr'>tenentur</span> <span class='ocrx_word' id='word_1_396' title='bbox 331 4379 434 4446; x_wconf 70' lang='lat' dir='ltr'>Legati.</span> 
     </span>
    </p>
   </div>
   <div class='ocr_carea' id='block_1_7' title="bbox 0 0 1534 5054">
    <p class='ocr_par' dir='ltr' id='par_1_7' title="bbox 0 0 1534 5054">
     <span class='ocr_line' id='line_1_49' title="bbox 0 0 1534 5054; baseline 0 0"><span class='ocrx_word' id='word_1_397' title='bbox 0 0 1534 5054; x_wconf 95' lang='lat' dir='ltr'> </span> 
     </span>
    </p>
   </div>
  </div>
 </body>
</html>
