3070 5034
134 434 135 437 Ἴ
190 355 213 400 a
408 330 667 400 GERARDUS
689 329 945 413 JOHANNES
967 329 1169 398 VOSSIUS.

194 506 324 572 omnino
337 519 385 568 est
396 499 528 590 alicujus
539 503 778 572 declamatoris:
794 505 890 572 credo
902 503 1007 568 Porcii
1019 504 1177 578 Latronis,
1189 503 1239 566 vel
1255 493 1411 568 adterirrs

186 594 337 678 alicujus,
352 614 393 654 ex
409 591 480 668 illis,
496 613 576 672 quos
598 592 739 660 nominat
757 591 810 654 M.
826 592 944 656 Seneca
965 591 998 652 in
1019 591 1187 669 Suasoriis,
1202 605 1233 653 et
1249 591 1410 654 Contro-

192 681 315 743 versits.
345 679 469 740 uidem
486 678 555 760 ejus
570 675 664 740 valde
686 681 907 742 commendant
922 677 1053 760 antiqui.
1092 677 1179 739 Nam
1194 677 1410 740 certissimus

193 779 300 830 unctor
322 765 438 827 dicitur
456 763 553 826 Vibio
575 763 736 846 Sequestri
759 764 799 826 de
822 763 1033 853 Fluminibus.
1078 764 1160 825 Item
1185 763 1411 846 Hieronymo

192 853 273 915 libro
286 854 326 914 de
341 851 417 912 locis
435 849 612 926 Hebraicis,
628 865 660 914 et
676 849 790 913 exind&
806 851 934 912 Isidoro
948 849 1003 912 lib.
1021 849 1119 912 XllI.
1135 869 1204 932 cap.
1220 851 1286 914 xxi.
1332 847 1410 910 Ad

191 938 256 1002 baec
272 937 437 1015 nobilitator
451 937 593 998 veritatis
614 937 781 1000 historicas
800 951 997 1020 nuncupatur
1018 937 1057 997 ab
1074 934 1267 1019 Augustino,
1281 935 1345 998 lib.
1369 919 1408 999 Ι.

192 1027 233 1088 de
250 1023 387 1086 Ciuitate
406 1022 481 1096 Dei,
496 1043 563 1104 cap.
580 1044 616 1083 v:
642 1023 787 1085 Avienus
803 1023 898 1084 etiam
916 1021 947 1084 in
964 1021 1174 1106 descriptione
1189 1041 1250 1084 orae
1266 1021 1411 1084 mariti.

192 1110 350 1186 mae,dieit
359 1110 464 1172 omnia
474 1108 557 1170 illius
567 1109 650 1173 dicta
660 1131 729 1188 esse
733 1108 935 1193 prejudicatus
943 1107 1151 1182 sustentatis,
1166 1108 1298 1190 appellat
1308 1128 1406 1190 quo-

193 1219 255 1280 que
271 1210 478 1280 expresseram
498 1191 644 1282 efficacem
659 1196 734 1279 styli
748 1208 777 1258 et
792 1193 944 1258 veritatis.
990 1193 1159 1256 Ob'ectant
1178 1195 1332 1256 adversus
1359 1214 1408 1256 ea

192 1283 302 1366 aliqui,
320 1282 417 1364 quod,
439 1302 536 1364 pravo
558 1281 696 1362 loliginis
718 1303 826 1358 succo,
840 1281 988 1364 pleraque
1010 1215 1052 1341 ad
1072 1279 1236 1341 Ciceronis
1258 1279 1404 1342 laudem

191 1368 390 1453 pertinentia,
406 1388 474 1450 quae
491 1367 575 1448 apud
591 1368 668 1429 alios
683 1368 789 1448 legere
805 1369 856 1442 sit,
865 1365 1060 1449 praeterierit.
1084 1364 1210 1454 Verum
1227 1388 1264 1430 ea
1279 1365 1419 1449 potitis·

191 1455 368 1538 neglexisse
382 1476 450 1538 ego·
458 1453 602 1528 arbitror,
618 1453 668 1516 vel
684 1467 718 1514 ut
734 1452 822 1528 falsa,
840 1445 889 1514 vel
903 1465 938 1531 ut
951 1452 1072 1514 incerta
1087 1447 1189 1534 plane,
1205 1453 1256 1526 vel
1273 1468 1306 1516 ut
1320 1453 1402 1516 erri-

192 1563 257 1625 gua
272 1563 308 1604 ac
323 1541 454 1602 minuta.
494 1537 592 1610 Quod
608 1539 648 1600 ad
664 1538 835 1623 dictionem
852 1537 990 1601 Sallustii
1007 1537 1131 1611 attinet,
1143 1557 1251 1606 omnes
1267 1533 1403 1620 antiqui

188 1629 346 1714 judicant,
360 1627 487 1710 brevem
501 1645 537 1684 ac
550 1643 715 1686 nervosam
732 1645 812 1693 esse,
826 1639 857 1686 et
873 1623 1092 1705 Thucydidcae
1103 1623 1262 1686 amulam.
1304 1619 1402 1687 Sam}

155 1783 157 1788 s
191 1713 328 1796 scriptor
342 1727 390 1774 est
405 1707 496 1794 plane
514 1709 655 1785 Atticus,
668 1713 730 1792 quai
744 1711 837 1773 laude
855 1709 1065 1774 Demostheni
1080 1709 1208 1792 propior
1222 1724 1280 1785 est,
1290 1707 1401 1792 quam

192 1799 307 1862 Cicero
324 1798 408 1879 ipse;
429 1810 464 1858 ut
478 1792 558 1858 bene
576 1812 681 1859 censet
696 1796 865 1877 Turnebus
887 1797 919 1858 in
939 1795 1129 1858 adversariis
1144 1796 1222 1858 suis.
1267 1795 1334 1858 Sed
1360 1813 1402 1861 ut

192 1884 419 1966 'Ibucydidem
434 1903 496 1944 non
512 1903 621 1959 omnes
641 1883 823 1965 probarunt,
839 1883 883 1945 ita
905 1903 974 1954 nee¹
985 1881 1124 1945 Sallustii
1140 1877 1225 1945 dicta
1242 1884 1400 1948 omnibus

191 1971 412 2057 probabantur.
453 1970 544 2031 Nam
563 1967 697 2031 Asinius
715 1968 817 2031 Pollio
832 1968 1000 2031 damnabat
1016 1989 1098 2044 eam,
1112 1981 1261 2050 tanquam
1278 1971 1399 2034 obscu-

170 2108 172 2117 Α
191 2079 272 2136 ram,
284 2071 316 2120 et
327 2057 358 2120 in
370 2055 622 2118 translationibus
634 2055 806 2118 audacem:
824 2069 860 2117 ut
872 2053 1076 2135 Tranquillus
1087 2067 1197 2116 auctor
1208 2069 1267 2133 est,
1277 2055 1334 2118 lib.
1351 2057 1398 2122 de

192 2144 285 2207 claris
302 2140 515 2223 grammaticis
528 2141 562 2202 in
577 2139 735 2222 Philologi
751 2140 825 2202 vira.
865 2139 1027 2222 Imprimis
1042 2138 1119 2202 verb
1135 2141 1322 2224 reprehendi
1340 2146 1397 2206 so-

152 2246 154 2251 ’
192 2232 248 2307 let,
263 2227 351 2312 qndd
368 2228 496 2310 antiqua
510 2227 607 2289 verba
620 2239 663 2288 ex
679 2225 808 2289 Catonis
824 2225 1010 2309 Originibus
1026 2237 1223 2310 excerperet:
1240 2228 1333 2312 cujus
1344 2229 1396 2293 rei

190 2314 554 2396 meminere'Augustus
569 2314 653 2395 apud
663 2311 885 2395 Tranquillum
897 2313 929 2374 in
938 2311 1044 2396 ejusce
1059 2311 1192 2393 Caesaris
1202 2314 1396 2390 vualdem-

188 2423 256 2486 quo
272 2400 486 2482 Tranquillus,
497 2399 551 2460 lib.
568 2405 608 2462 de
624 2399 716 2462 claris
733 2401 948 2480 grammaticis
963 2401 995 2461 in
1009 2399 1072 2460 vitri
1089 2397 1208 2477 Lunai,
1224 2416 1255 2463 et
1270 2401 1396 2467 Fabius

118 2563 122 2574 ι
148 2546 149 2549 ,
191 2497 234 2551 etr
246 2485 625 2570 antiqoo‘cpigrammate,
641 2486 695 2547 lib.
708 2485 811 2550 VIII.
826 2504 893 2567 cap.
907 2485 953 2546 iii;
999 2484 1063 2548 Sed
1077 2487 1141 2548 haec
1156 2487 1310 2569 impedire
1326 2509 1408 2554 non.

192 2575 337 2660 potuere,
349 2570 414 2655 qud
429 2570 534 2634 minus
551 2567 569 2630 ai
584 2570 699 2633 Tacito
710 2573 757 2651 (at
766 2585 882 2654 quanto
891 2570 980 2635 viro!
998 2592 1100 2636 rerum
1113 2571 1394 2660 Romanorumflo·

191 2659 388 2731 notissimus
413 2670 530 2733 auctor,
556 2657 611 2719 lib.
636 2656 708 2720 III.
731 2655 949 2736 Historiarum
974 2657 1159 2739 diceretur.)
1203 2657 1276 2720 Imb
1294 2661 1394 2743 juxta

192 2747 378 2809 Martialem
388 2745 443 2806 lib.
454 2743 549 2806 XIV.
560 2743 693 2826 Crispas
702 2743 969 2826 Romanuprimus
981 2743 1016 2804 ia
1027 2744 1159 2808 historia
1168 2755 1225 2806 est.
1258 2745 1393 2828 Augus·

192 2833 260 2896 tino
270 2851 396 2913 quoque
411 2829 588 2892 liudevito
601 2831 703 2907 beata,
715 2844 843 2902 vocatur
855 2829 1053 2894 electissimus
1057 2831 1206 2914 pensator
1217 2831 1392 2896 uerborum.

196 2916 270 2984 Imb
288 2916 391 2980 Graeci
408 2915 467 3000 ipsi
485 2915 553 2998 ejus
569 2914 715 2978 historias
731 2915 809 2978 tanti
824 2915 939 2992 fecere,
950 2929 986 2978 ut
1001 2935 1053 2978 eas
1070 2917 1199 2980 verterit
1216 2913 1392 2998 Zenobius,

193 3003 387 3087 sophistais,
405 3001 460 3084 qui
481 3000 591 3062 Romae
619 3002 729 3064 docuit
750 3001 809 3062 sub
825 3001 970 3064 Adriano
987 3001 1130 3078 Caesare;
1154 3003 1271 3086 quique
1290 3004 1391 3086 epito-

193 3113 267 3153 men
283 3089 521 3173 proverbiorum
537 3083 684 3170 Didymi,
700 3102 732 3151 et
746 3083 887 3151 Tarrhaei
903 3086 1028 3171 scripsit
1038 3105 1099 3156 :ut
1110 3092 1198 3154 testis
1210 3104 1258 3154 est
1272 3091 1389 3160 Suidas

190 3181 225 3242 in
243 3195 362 3247 anostra.
408 3176 517 3256 Atque
535 3175 609 3236 inde
624 3189 682 3251 est,
697 3170 785 3256 qudd
801 3173 940 3238 Sallustii
956 3169 1082 3257 quoque
1100 3176 1245 3254 meminit
1259 3175 1392 3262 Steplra·

171 3259 173 3267 ’
192 3286 252 3328 nus
268 3266 300 3325 in
315 3279 429 3344 ragam..
475 3259 609 3323 Utinam
630 3257 707 3322 verb
728 3273 850 3322 extaret
866 3262 973 3345 Asper
989 3261 1234 3339 Grammaticus,
1249 3261 1391 3328 Sallustii

122 3384 132 3412 ,ι
193 3353 360 3432 interpres,
375 3361 454 3412 teste
478 3345 689 3428 Hieronymo.
736 3345 892 3419 Quadam
917 3369 958 3410 ex
973 3369 1011 3410 eo
1026 3347 1288 3428 citat'Snsipater.
1332 3353 1390 3432 Jo-

194 3459 289 3499 annes
307 3435 449 3518 Baptista
470 3432 546 3494 Pius
570 3431 805 3517 annotationum
829 3435 1038 3518 posteriorum
1054 3455 1122 3519 cap.
1139 3434 1298 3500 LXXIV.
1316 3435 1397 3501 citat

194 3523 358 3604 antiquum
382 3532 555 3594 auctorem,
578 3517 632 3599 qui
655 3517 752 3581 vitam
775 3517 915 3586 Sallustii
937 3519 1072 3602 scripsit.
1117 3520 1204 3586 Eum
1229 3543 1290 3586 non
1310 3525 1389 3587 vidit

195 3609 258 3671 Sed
279 3608 358 3670 scito
382 3607 478 3668 vitam
502 3602 642 3666 Sallustii
664 3600 682 3663 ὲ
704 3605 862 3668 veteribus
885 3605 1053 3688 reliquisse
1073 3605 1251 3672 Ascanium
1275 3609 1390 3672 Pedia·
1418 3620 1422 3629 ’

193 3715 288 3758 num:
304 3709 339 3753 ut
355 3711 542 3782 cognoscere
555 3705 603 3752 est
617 3711 656 3751 ex
669 3688 810 3766 Acrone,
824 3692 865 3754 ad
882 3691 994 3759 Horat.
1007 3691 1072 3756 Sat.
1085 3702 1116 3754 2.
1132 3693 1184 3763 lib.
1199 3693 1226 3757 Ι.
1242 3693 1270 3755 Ε
1283 3694 1395 3778 junio-v

193 3783 281 3844 ribus
302 3779 393 3840 idem
405 3776 507 3838 conati
533 3776 728 3858 Pomponius
745 3777 864 3855 Latus,
879 3793 910 3840 et
928 3777 1040 3840 Petrus
1057 3778 1210 3842 Crinitus.
1255 3781 1319 3842 Sed
1339 3780 1390 3844 his

195 3867 274 3928 lides
290 3864 443 3939 habenda,
455 3861 610 3942 quatenus
627 3877 768 3924 veterum
786 3863 899 3926 scrinia
915 3864 1134 3946 compilarunt.
1180 3866 1266 3932 Cave
1282 3879 1388 3932 autem

195 3973 267 4016 eum
284 3947 431 4012 Sallustio
452 3947 512 4010 hoc
533 3945 705 4011 confundas
722 3947 871 4029 Crispum
892 3949 1087 4027 Sallustium,
1102 3952 1143 4016 ad
1160 3971 1254 4036 quem
1270 3949 1302 4013 in
1318 3939 1388 4018 udis

157 4083 159 4088 .
195 4036 303 4102 scribit
321 4033 483 4108 Horatius,
499 4033 641 4098 historici
658 4034 751 4118 hujus
767 4035 884 4118 sororis
900 4037 1011 4112 filium,
1028 4037 1169 4118 Augusti
1186 4036 1334 4114 amicum,
1348 4039 1389 4102 de

196 4147 259 4206 qno
272 4121 401 4196 Seneca,
415 4119 470 4180 lib.
488 4119 513 4180 1.
533 4121 572 4180 de
590 4119 775 4195 Clementia,
788 4136 820 4183 et
834 4118 977 4198 Tacitus,
985 4123 1042 4184 lib.
1052 4122 1109 4186 tl.
1119 4139 1150 4186 et
1163 4121 1229 4186 111.
1242 4125 1342 4188 annal.
1353 4123 1387 4187 A

197 4231 259 4291 qno
275 4226 310 4284 et
324 4205 482 4268 metellum
499 4207 659 4286 quoddam
676 4205 897 4272 Sallustianum
913 4229 982 4274 esse
997 4209 1130 4290 dictum,
1145 4209 1265 4278 Plinius
1281 4227 1388 4276 auctor

197 4310 256 4375 est,
269 4293 324 4358 lib.
341 4289 502 4356 XXXIV.
518 4311 584 4376 cap.
601 4292 633 4354 ii.
