3034 5054
202 295 265 352 242
331 285 341 305 ¹
631 276 957 350 DECLAMATIO

204 479 305 543 remp.
321 470 415 542 atque
431 456 661 522 ²audacissimo
672 455 785 538 cuique
797 475 864 518 esse
879 452 1056 540 bperfidiae!
1073 453 1129 518 An
1143 455 1227 540 apud
1239 457 1387 540 populum

206 545 301 607 Rom.
314 545 366 627 qui
381 543 423 606 ita
434 544 649 626 largitionibus
662 556 825 622 corruptus
840 555 898 617 est,
908 555 943 602 ut
954 561 1035 616 sese,
1046 562 1081 602 ac
1094 539 1235 606 fortunas
1250 564 1324 604 suas
1335 565 1387 604 ve-

203 631 289 694 nales
300 629 431 692 habeat?
450 631 502 690 An
515 629 597 712 apud
613 647 680 704 vos,
692 627 728 688 P.
740 625 778 690 C.
791 647 924 708 quorum
940 626 1109 688 auctoritas
1122 627 1304 710 turpissimo
1322 629 1390 691 cui·

132 703 136 714 ¹
205 737 266 798 que
279 731 310 778 et
324 715 573 792 sceleratissimo,
583 712 706 776 ludibro
721 711 786 774 est?
803 711 870 776 Ubi
889 711 940 772 M.
950 711 1076 774 Tullius
1087 712 1185 797 leges,
1195 713 1322 799 judicia
1335 735 1391 796 po·

204 803 268 886 puli
286 801 380 863 Rom.
396 798 569 876 ‘defendit
584 815 676 880 atque
692 797 724 860 in
740 797 799 860 hoc
814 797 923 858 ordine
935 795 979 858 ita
994 799 1187 877 moderatur,
1201 801 1292 881 quasi
1308 821 1392 864 usus

204 888 344 969 reliquus
366 907 407 948 ex
421 884 539 946 familiai
553 884 613 946 viri
636 882 799 945 clarissimi
824 882 979 965 Scipionis
995 881 1163 958 Africaui3
1185 906 1218 946 ac
1238 906 1301 946 non
1319 905 1391 966 rep-

204 971 304 1044 titius,
325 971 454 1047 accitus,
475 991 511 1032 ac
537 967 631 1053 paulb
657 965 728 1030 ante
751 967 873 1047 insitus,
894 966 968 1030 huic
991 967 1061 1030 urbi
1088 969 1178 1032 civis.
1221 969 1273 1032 An
1296 971 1391 1046 verti,

206 1057 259 1118 M.
275 1055 372 1130 Tulli,
386 1055 468 1118 facta
488 1075 524 1118 ac
544 1056 700 1117 dictatus
719 1055 850 1118 obscura
871 1052 965 1116 sunt?
989 1053 1045 1116 An
1067 1077 1129 1117 non
1151 1055 1195 1117 ita
1217 1052 1390 1138 ipueritiai
1437 1057 1438 1062 ’

203 1141 325 1218 vixisti,
339 1142 384 1204 uti
407 1140 484 1202 nihil
497 1141 689 1224 flagitiosum
711 1139 833 1222 corpori
854 1151 910 1201 tuo
931 1154 1069 1222 putares,
1084 1141 1171 1222 quod
1194 1141 1278 1204 alteri
1297 1137 1387 1205 deol-

203 1227 365 1290 libuisset?
388 1225 524 1302 Scilicet,
539 1227 630 1289 istam
645 1225 884 1288 immoderatam
899 1223 1109 1306 eloquentiam
1124 1226 1208 1308 apud
1228 1225 1277 1287 M.
1295 1224 1397 1298 Piso„

203 1333 276 1375 nem
290 1333 351 1375 non
367 1311 524 1398 pudicitiae
540 1313 665 1396 jactura
684 1307 900 1394 perdidicisti?
925 1308 1037 1390 Itaque
1053 1307 1183 1372 minime
1206 1311 1388 1374 mirandum

203 1411 262 1476 est,
279 1399 306 1460 si
328 1419 398 1461 eam
415 1393 570 1480 flagitiose
588 1395 741 1471 venditas,
761 1415 854 1476 quam
877 1392 1058 1478 turpissimd
1081 1395 1204 1478 persisti.
1250 1395 1390 1472 Verum,

202 1499 239 1548 ut
260 1482 392 1567 opinior,
413 1482 581 1564 esplendor
602 1481 794 1544 domesticus
816 1480 873 1542 tibi
896 1480 1018 1543 animos
1042 1483 1159 1544 attolit:
1188 1502 1272 1544 uxor
1293 1481 1389 1546 sacri.-

202 1571 283 1654 lega,
299 1591 334 1632 ac
350 1567 483 1652 perjuris
501 1566 659 1630 delibuta:
684 1567 747 1630 filia
765 1565 873 1626 matris
894 1566 1006 1648 pellex,
1021 1567 1075 1628 tibi
1092 1565 1276 1650 jucundior,
1292 1580 1388 1648 atque

201 1645 450 1734 ¹‘obsequentiom
465 1648 560 1731 quim
581 1651 700 1733 parenti
719 1669 775 1732 par
796 1665 855 1712 est.
900 1651 1038 1712 Domum
1060 1653 1157 1734 ipsam
1180 1667 1268 1714 tuam
1292 1653 1337 1726 vi,
1352 1665 1389 1714 et

201 1736 499 1820 rapinis,'funestam
514 1734 571 1796 tib'i
591 1757 627 1798 ac
644 1735 710 1798 tuis
722 1736 928 1818 comparasti:
952 1736 1097 1798 videlicet
1108 1732 1155 1796 uti
1169 1757 1228 1800 nos
1243 1755 1388 1812 commo·

200 1821 347 1896 nefacias,
368 1841 462 1902 quam
484 1839 632 1882 conversa
653 1819 695 1882 sit
713 1839 796 1904 resp.
812 1819 887 1882 edm
911 1821 942 1884 in
965 1823 1001 1882 ea
1022 1823 1117 1883 domo
1137 1819 1269 1898 habitas,
1289 1820 1389 1882 borno

200 1907 455 1988 flagitiosissime,
477 1925 547 1987 quae
570 1905 608 1966 Ρ.
632 1903 763 1983 Crassii,
784 1905 844 1968 viri
866 1905 1049 1983 consularis,
1069 1904 1140 1968 fuit.
1186 1906 1297 1988 Atque
1320 1905 1387 1970 hac

201 1992 277 2057 crim
292 1993 334 2055 irai
349 1992 421 2068 sint,
435 2006 540 2054 tamen
564 1989 677 2054 Cicero
698 2001 755 2052 &se
771 1989 849 2054 dicit
871 1991 903 2052 in
921 1992 1051 2054 consilio
1070 1991 1203 2054 deorum
1224 1991 1385 2054 immorta-

199 2081 278 2142 lium
294 2077 392 2140 fuisse
405 2103 414 2152 ;
427 2072 501 2140 inde
517 2075 650 2138 missum
665 2075 738 2140 huic
754 2075 835 2153 urbi,
846 2076 1042 2160 civibusque,
1056 2077 1229 2154 custodem,
1243 2073 1384 2158 ¹1absque

201 2165 355 2228 carnificis
375 2162 513 2239 nomine,
528 2161 582 2244 qui
599 2161 735 2226 civitatis
757 2159 1007 2226 iincommodum
1023 2162 1056 2226 in
1072 2163 1204 2246 gloriam
1224 2183 1312 2224 suam
1326 2183 1383 2244 po·

199 2253 262 2313 nit:
286 2249 376 2332 quasi
392 2246 469 2310 verb
485 2268 546 2308 nou
561 2246 645 2309 illius
660 2246 881 2332 conjurationis
895 2269 988 2310 causa
999 2242 1094 2310 luerit
1110 2248 1286 2312 consulatus
1301 2261 1385 2325 tuus,

200 2351 232 2398 et
244 2333 367 2398 idcircor
373 2355 455 2418 resp.
468 2333 602 2418 disjecta
614 2353 653 2396 eo
667 2347 820 2416 tempore,
830 2353 896 2414 quo
906 2348 937 2395 te
951 2333 1114 2396 custodem
1129 2333 1272 2396 habebat.
1309 2333 1383 2410 Sed,

200 2437 236 2484 ut
250 2421 370 2504 opinor,
387 2419 438 2487 illa
453 2433 484 2482 te
500 2413 603 2502 magis
619 2419 782 2498 extollunt,
797 2439 865 2500 qnae
880 2433 950 2502 post
965 2420 1160 2482 consulatum
1176 2439 1248 2482 cum
1262 2418 1381 2486 Tereu-

199 2507 243 2570 rit
258 2526 356 2570 uxore
368 2505 407 2568 de
420 2526 484 2588 rep.
499 2504 692 2582 consuluisti,
706 2504 782 2568 edm
792 2507 872 2588 legis
886 2503 1042 2567 ltPlautia
1053 2504 1176 2590 judicia
1188 2505 1276 2567 domi
1289 2503 1381 2566 facie·

198 2590 273 2669 bas3
290 2614 330 2656 ex
344 2590 511 2677 conjuratis
526 2589 603 2653 alios
620 2586 732 2668 morte,
742 2591 819 2653 alios
835 2591 965 2672 pecunii
978 2591 1223 2672 condemnabas:
1240 2589 1314 2654 crim
1326 2589 1381 2652 tibi

199 2680 278 2744 alius
300 2677 547 2757 ¹Tusculanam,
567 2675 646 2739 alius
667 2676 925 2760 mPompeianam
947 2676 1065 2759 villam,
1090 2676 1283 2753 aedilicabat3
1303 2674 1381 2740 alius

728 2905 844 2960 NOTAE.

232 3119 449 3188 astredaciarimo]
466 3116 651 3174 Totumistud
661 3121 687 3172 in
697 3135 777 3171 unum
799 3137 852 3188 que
864 3115 983 3190 Catilina
991 3120 1131 3188 populares
1141 3120 1167 3170 in
1179 3133 1286 3172 carcere
1294 3122 1379 3178 necui

197 3191 349 3241 ciceronem
362 3190 467 3238 recidit.
800 3189 906 3238 luerint.
1284 3223 1285 3228 ,

232 3257 250 3306 b
270 3254 410 3319 Perfidia]
440 3255 572 3305 Badianua
592 3253 678 3305 codex
698 3253 781 3304 habet
834 3252 1052 3318 ilucommadum]
1069 3255 1172 3306 Verum
1187 3261 1231 3304 est
1248 3253 1280 3304 ob
1296 3254 1380 3304 immi·

193 3324 303 3388 perfidia
315 3326 397 3372 locrun.
431 3320 529 3371 Verum
542 3320 642 3386 optime
655 3319 779 3372 viderunt
800 3329 906 3372 nentem
925 3321 1075 3388 reipublicae
1092 3320 1109 3372 d
1120 3320 1239 3372 catilina
1252 3322 1384 3383 calamita-¹

198 3391 244 3440 alii
257 3389 324 3438 lianc
339 3405 373 3438 ex
393 3388 509 3455 margine
525 3389 665 3452 irrepsisse
680 3392 706 3440 in
724 3397 780 3439 tex·
801 3399 863 3448 tem,
878 3391 1045 3438 consulatum
1064 3391 1103 3438 M.
1121 3387 1213 3438 Tullio
1231 3389 1380 3440 mandatum

184 3460 263 3517 'tum
288 3456 433 3522 imperitia,
453 3455 667 3520 explicationem.
699 3458 780 3508 cate·
800 3454 1022 3522 luisseteumque
1035 3469 1109 3506 exeo
1120 3455 1230 3520 gloriam
1243 3457 1382 3507 maximam

199 3521 259 3574 mim
272 3539 364 3572 sensus
377 3523 439 3571 satis
451 3530 534 3586 patet.
801 3531 904 3573 nactum
917 3538 991 3573 ease:
1004 3530 1032 3571 at
1043 3537 1122 3589 quarn
1134 3519 1281 3583 subtiliter,
1290 3531 1342 3572 tatu
1353 3532 1383 3573 et

232 3588 403 3654 amendia]
419 3591 452 3638 Ut
462 3591 614 3639 Ciceronem
626 3587 780 3650 dedecoret,
800 3587 934 3653 perverse,
947 3589 1046 3640 crimen
1063 3588 1252 3653 parricidarum
1268 3604 1329 3639 cum
1340 3589 1386 3642 Gis

197 3657 256 3704 vult
267 3657 407 3719 collapsam
422 3653 526 3720 penitus
539 3654 625 3706 videri
637 3655 780 3722 rempubli·
800 3657 901 3707 cerouis
914 3655 991 3706 laude
1007 3656 1120 3724 quisque
1134 3654 1180 3705 hic
1193 3662 1237 3706 est
1254 3655 1382 3722 declama-

198 3735 268 3779 cam,
282 3721 306 3767 in
320 3724 372 3785 qua
387 3723 432 3771 ille
443 3721 602 3772 dominetur.
801 3721 1009 3783 tonconfundit.
1166 3775 1174 3782 ,
1280 3761 1283 3768 .

232 3789 250 3837 d
275 3788 442 3851 collibuisset]
474 3788 681 3852 'l'urpitudinem
704 3794 779 3839 notat
832 3787 997 3853 erluutiae.]
1020 3791 1082 3838 llaec
1104 3785 1121 3838 d
1140 3787 1258 3848 Plautio,
1277 3788 1379 3838 tribuno

198 3853 350 3908 masculam.
612 3853 614 3860 '
677 3865 679 3868 ’
801 3855 895 3921 plebis,
907 3855 1049 3922 adjuvante
1060 3854 1162 3914 Catulo,
1174 3856 1229 3904 lata
1240 3867 1296 3914 est;
1309 3855 1382 3906 utde

230 3937 246 3972 e
262 3917 405 3984 Splendor]
423 3919 516 3970 Ironia.
799 3939 890 3972 eorum
907 3925 996 3988 capite
1013 3928 1178 3988 quereretur,
1189 3923 1236 3988 qui
1255 3923 1382 3976 adversus

230 3989 246 4040 f
260 3987 451 4050 obsequentior]
469 3988 595 4036 Obscoeua
606 3995 636 4038 et
648 3985 778 4054 flagitiosa
799 3989 989 4054 rempublicam
999 3988 1218 4058 conjuravissent,
1230 3990 1278 4040 &a
1356 4047 1361 4055 Ι

196 4051 307 4109 ltonestd
323 4049 415 4116 {modd
428 4063 454 4101 et
463 4053 539 4119 vere)
551 4059 646 4117 carpit.
832 4055 843 4105 l
869 4055 1052 4119 Tusculanum]
1083 4056 1237 4106 Tusculum
1253 4073 1270 4106 o
1290 4055 1383 4121 pidum

196 4159 199 4166 r
232 4142 250 4190 g
264 4125 295 4171 Se
308 4119 385 4182 dicit]
404 4119 531 4169 Perversd
545 4122 618 4172 istud
629 4136 664 4172 ex
675 4120 778 4171 cicero·
799 4122 850 4173 luit
860 4124 937 4182 Latii,
950 4137 1001 4172 non
1018 4119 1098 4188 longi
1116 4117 1228 4174 iRomd
1240 4141 1254 4171 a
1286 4132 1382 4183 ortum,

195 4193 237 4242 nis
249 4187 412 4240 orationibus
424 4191 564 4236 extortum.
800 4189 845 4239 ubi
856 4189 948 4239 Cicero
960 4189 1050 4239 villam
1062 4189 1108 4238 illo
1121 4193 1223 4240 nornine
1234 4189 1336 4242 habuit.

231 4259 247 4306 li
261 4257 361 4316 diraque
373 4253 497 4317 carnificis
509 4252 618 4316 nomine]
630 4252 693 4322 Ideo
702 4252 778 4314 dicit,
832 4270 857 4304 m
883 4253 1080 4322 Pompeianum]
1116 4255 1293 4320 Duodecimn,
1321 4249 1383 4324 pilis

196 4321 403 4394 quddCitrerone
411 4319 578 4389 invigilante,
587 4320 780 4384 laenttluralii·
799 4317 886 4384 minis
898 4319 1048 4392 aNeapoli,
1060 4321 1195 4377 milliario·
