3034 5054
252 359 316 436 2i0
657 360 725 428 An
743 365 781 429 C.
799 364 1031 430 CAESAREM

252 553 360 615 vocat;
376 535 488 622 quibus
499 534 609 600 civitas
617 549 756 600 vastatur
767 533 879 620 magis,
889 534 983 618 quim
994 533 1181 621 corrigitur;
1199 539 1257 603 sed
1268 535 1443 624 uti'pravas

251 643 346 704 artes,
354 625 512 705 malasque
524 623 688 699 lubidines,
697 625 736 686 ab
744 623 908 705 juventute
925 623 1100 706 prohibeas.
1126 624 1175 686 Ea
1185 625 1262 688 verb
1276 627 1443 691 clementia

251 715 323 790 erit,
336 709 537 783 consuluisae,
552 730 590 770 ne
603 706 716 770 meritd
730 709 815 770 cives
826 708 923 792 patrii
938 711 1207 792 ²expcllereotur;
1223 710 1391 777 retinuisse
1403 714 1442 774 ab

250 797 438 871 stultitiast
459 793 545 856 falsis
561 793 789 875 voluptatibus;
811 815 920 876 pacem
943 795 1207 878 concordiamque
1229 798 1441 860 stabilivisse:

251 885 348 962 bnon,
363 881 401 958 si,
415 879 540 962 flagitiis
551 879 728 956 obsecutus,
738 879 852 942 delicta
863 900 1038 963 perpessus,
1054 902 1189 964 presens
1201 884 1355 965 gaudium
1368 903 1443 946 cum

250 990 328 1036 mox
342 967 448 1030 futuro
463 967 545 1028 malo
560 965 759 1028 concesseris.
804 964 856 1026 Ac
879 965 977 1028 ¹mihi
993 967 1129 1044 animus,
1144 968 1259 1050 quibus
1273 970 1368 1031 rebus
1386 967 1441 1029 alii

251 1057 374 1128 timent,
389 1048 528 1116 maxime
552 1051 672 1113 cfrctus
690 1063 738 1113 est
752 1052 870 1134 negotii
887 1052 1123 1134 magnitudine:
1148 1067 1180 1116 et
1196 1051 1338 1136 quia'tibi
1355 1050 1442 1116 ‘¹ter-

250 1162 305 1217 rae,
327 1155 359 1203 et
380 1137 479 1202 maria
499 1138 594 1200 simul
615 1137 721 1198 omnia
745 1138 958 1220 componenda
981 1153 1072 1214 sunt;
1100 1138 1233 1224 (quippe
1254 1160 1303 1202 res
1323 1159 1443 1222 parvas

250 1238 392 1290 ‘tantum
419 1223 579 1306 ingenium
605 1221 757 1305 attingere
783 1220 907 1305 nequit)
934 1243 1054 1306 magnae
1078 1243 1161 1287 curae
1182 1247 1294 1310 magna
1314 1245 1442 1287 merces

250 1327 310 1376 est.
353 1308 477 1393 flgitur
492 1308 658 1391 provideas
679 1323 812 1391 oportet,
827 1306 874 1371 uti
893 1308 1008 1392 plebes,
1025 1309 1252 1392 largitionibus,
1267 1326 1299 1375 et
1313 1310 1442 1394 publico

249 1401 409 1462 frumento
431 1405 606 1477 ‘corrupta
624 1393 735 1458 babeat
755 1394 880 1477 negotia
902 1415 970 1472 sua,
987 1397 1101 1477 quibus
1122 1393 1186 1458 ¹¹ab
1208 1398 1291 1458 malo
1313 1396 1443 1480 publico

250 1483 445 1553 detineatur3
467 1479 475 1519 ἰ
480 1481 631 1564 juventus
646 1481 804 1564 probitati,
819 1496 850 1544 et
868 1480 1038 1551 industriae,
1055 1503 1115 1543 non
1131 1484 1320 1570 sumptibus,
1335 1503 1441 1563 neque

250 1569 383 1644 divitiis,
396 1566 530 1630 studeat.
576 1564 617 1628 Id
638 1566 682 1628 ita
701 1565 834 1642 eveniet,
849 1566 876 1629 si
892 1565 1041 1648 pecuniae,
1055 1589 1122 1650 quae
1138 1571 1276 1632 maxima
1294 1566 1442 1629 omnium

203 1661 207 1672 ¹
251 1653 407 1737 pernicies
421 1665 480 1726 est,
493 1647 623 1726 1¹usum,
638 1665 730 1730 atque
746 1649 861 1715 ¹decus
873 1651 1054 1736 dempseris.
1091 1654 1177 1716 Nam
1188 1650 1272 1735 saepe
1284 1673 1347 1734 ego
1363 1671 1445 1714 cum

250 1739 357 1800 animo
372 1756 444 1797 meo
459 1749 615 1818 reputans,
630 1735 743 1818 quibus
760 1735 892 1818 quisque
908 1739 1001 1802 rebus
1023 1749 1045 1777 ¹²¹
1056 1738 1217 1800 clarissimi
1232 1737 1293 1799 viri
1309 1737 1442 1818 magni·

250 1822 392 1884 tudinem
409 1820 617 1884 incepissent:
639 1842 709 1904 quae
724 1842 774 1884 res
789 1824 931 1905 populos,
945 1825 1123 1887 nationesne
1140 1825 1262 1905 magnis
1275 1831 1292 1860 ¹¹
1302 1823 1443 1885 auctori·

249 1909 310 1970 bus
325 1906 503 1980 auxissent;
519 1928 555 1969 ac
570 1906 684 1970 deiude
700 1905 814 1990 quibus
829 1909 930 1973 cau'sis
944 1909 1135 1992 amplissima
1151 1929 1247 1989 regua
1259 1921 1293 1970 et
1306 1908 1441 1991 imperia

251 1993 458 2056 corruissent:
475 1992 588 2054 eadem
599 2012 723 2076 semper
734 1995 825 2069 bona,
836 2009 929 2076 atque
943 1995 1024 2058 mala
1037 1995 1229 2077 reperiebam
1241 2019 1249 2065 ι
1265 2013 1441 2074 omnesque

248 2080 387 2143 victores
402 2078 528 2142 divitias
549 2079 783 2160 contempsisse,
798 2095 831 2142 et
852 2080 974 2144 ⁰vict0s
996 2080 1166 2163 cupivisse.
1211 2079 1325 2160 Neque
1346 2079 1440 2142 aliter

253 2167 420 2252 quisquam
444 2163 593 2230 extollere
618 2184 699 2242 sese,
721 2178 752 2226 et
771 2165 879 2228 divina
902 2166 1042 2230 mortalis
1062 2165 1214 2250 attingere
1234 2179 1356 2248 potestt
1379 2163 1443 2228 nisi

699 2338 995 2410 ιιιτιιιιιιιιιτιτιο.

294 2485 307 2522 ²
323 2481 369 2546 Ac
383 2483 503 2546 anitius
518 2503 599 2546 meus
614 2483 747 2548 maxime
762 2485 875 2548 nititur
890 2484 932 2547 iis
949 2484 1038 2548 rebus
1053 2505 1131 2574 quas
1146 2485 1202 2549 alii
1218 2485 1334 2564 timent,
1347 2503 1441 2568 nego·

255 2571 302 2652 rii,
314 2571 440 2650 scilicet,
454 2571 676 2654 magnitudine.

794 2725 909 2776 NOTAE.

288 2885 304 2918 s
324 2865 538 2932 Expellerentctr]
569 2867 723 2920 Ciacconius
744 2869 837 2920 mallet
860 2870 1066 2938 reprehenderes
1084 2871 1177 2922 verbm
1189 2873 1254 2942 quis
1268 2865 1397 2938 quantum
1413 2865 1440 2918 in

254 2938 417 3000 expetuntur.
741 2947 743 2953 ’
854 2937 1023 3005 juventutem
1033 2947 1170 3002 peccetur,
1180 2940 1296 3004 poenitet.

288 3003 396 3066 balba]
408 3001 508 3067 Supple
523 3003 751 3072 clementiasaerit.
891 3005 911 3054 k
934 3003 1035 3068 Usum]
1059 3009 1118 3055 Non
1141 3008 1168 3057 ia
1192 3016 1277 3057 totum
1298 3003 1349 3057 sed
1369 3002 1440 3054 illum

285 3067 430 3132 cherua]
452 3065 525 3119 Beni
547 3069 580 3118 de
602 3071 703 3120 Caesare
723 3085 752 3120 ee
774 3066 836 3120 ided
858 3070 1010 3139 quemsnte
1024 3071 1125 3122 habuit.

253 3152 358 3202 sperare
374 3136 469 3196 innuit,
478 3133 551 3202 qudd
564 3136 608 3187 ille
621 3153 662 3186 res
676 3137 761 3186 soleat
776 3152 837 3186 exe·
892 3140 901 3190 l
916 3140 1019 3202 Decem]
1041 3137 1118 3199 Gbm,
1135 3155 1187 3188 non
1204 3137 1334 3198 homines,
1353 3133 1440 3196 modd,

252 3203 300 3268 qui
313 3200 490 3261 difficillimas,
502 3203 565 3252 viris
578 3204 648 3252 enim
660 3203 776 3252 cordatis
788 3201 838 3253 dil·
859 3207 907 3258 sed
916 3221 992 3258 omne
1003 3206 1076 3272 quod
1086 3213 1138 3266 est,
1150 3221 1211 3256 esse
1229 3203 1317 3270 porro,
1327 3211 1358 3253 et
1376 3199 1439 3254 uene

252 3269 358 3319 ficultas
370 3267 482 3317 animum
497 3277 585 3335 anget.
607 3297 609 3302 ·
857 3285 916 3322 esse
926 3287 974 3336 per
986 3271 1106 3324 natu'ram
1116 3283 1226 3338 quaram
1236 3285 1345 3337 pronum
1356 3278 1401 3321 est
1412 3277 1440 3322 ut

288 3336 306 3384 d
320 3333 426 3398 Terre]
453 3331 541 3386 l’otibs
561 3341 604 3384 est
625 3344 656 3386 ut
673 3335 835 3397 Sallustium,
859 3338 887 3389 id
900 3339 937 3388 illi
950 3347 1011 3390 ante
1022 3354 1097 3390 omne
1108 3355 1185 3389 suum
1196 3337 1440 3404 faciant,perquod

256 3405 337 3453 Terra
368 3413 393 3452 et
424 3405 495 3462 mori,
517 3401 657 3467 scripsisse
689 3405 835 3471 credamus.
857 3405 960 3471 reliqua
981 3409 1174 3472 comparantur.
1207 3409 1248 3456 Ex
1269 3421 1324 3472 quo
1344 3405 1441 3471 perspi·

254 3473 354 3522 Boura.
857 3487 935 3522 cuum
952 3482 1003 3528 est,
1024 3487 1104 3538 quam
1124 3471 1237 3538 pessime
1260 3482 1287 3522 et
1308 3469 1440 3539 flagitiosi

287 3553 302 3586 e
315 3531 444 3599 Tanaim]
467 3535 561 3586 cesari
574 3535 668 3588 iterum
679 3545 833 3589 assentatur.
857 3538 1008 3603 reipublic'ae
1019 3539 1171 3596 consulants
1187 3541 1233 3606 qui
1246 3541 1388 3600 virtutem,
1400 3539 1440 3588 bo-

254 3601 385 3653 Caeterum
391 3603 507 3679 maxima
518 3603 574 3652 laus
582 3604 745 3665 est,minirua
753 3605 834 3656 etiam
853 3621 956 3669 norem,
971 3607 1059 3658 omnia
1073 3606 1189 3672 denique
1207 3613 1320 3674 argento
1337 3605 1441 3673 subjici·

255 3683 315 3716 cum
329 3684 450 3718 maximis
460 3683 610 3733 procurare.
857 3677 913 3722 unt.

288 3733 302 3782 l
311 3735 412 3797 Igitur]
425 3738 482 3785 Non
492 3743 618 3800 poterunt
627 3736 661 3786 ad
672 3751 748 3788 suum
758 3752 834 3789 usum
890 3738 1090 3803 molestissimi]
1111 3744 1139 3792 In
1156 3739 1277 3790 omnibus
1288 3738 1368 3792 libris
1382 3742 1441 3790 clurs'
1500 3753 1501 3778 ἐ

254 3797 324 3851 satis
334 3800 399 3848 banc
409 3801 547 3864 periodum
559 3813 685 3854 excutere
697 3802 806 3868 politici.
857 3805 921 3871 legi,
933 3814 1078 3858 auctorest
1090 3808 1188 3857 Carrio.
1500 3855 1501 3862 ,

289 3882 309 3932 g
327 3867 468 3930 Compsa]
487 3869 585 3934 Supple
603 3869 642 3919 oti
660 3874 754 3932 quidem
771 3889 837 3922 nunc
891 3887 908 3921 n
920 3873 1092 3938 Auctoritas]
1105 3875 1134 3923 ln
1143 3873 1302 3940 quibusdam
1313 3873 1440 3938 scriptum

255 3944 308 3982 est.-
329 3946 414 4008 neqpe
426 3931 490 3983 verb
510 3935 623 3986 intendit
640 3937 789 4000 Sallustius,
807 3949 836 3989 ut
857 3943 1124 4006 estamoontbsopro
1136 3955 1188 4007 quo
1200 3939 1360 3992 ciacconius
1371 3955 1442 4005 repo·

254 3999 367 4066 populus
380 4014 406 4046 sn
420 4014 451 4046 eo
462 4013 619 4064 permaneat.
858 4009 897 4056 nit
913 4009 1033 4068 auctibus,
1046 4007 1136 4072 phrasi
1154 4008 1230 4072 Livio
1242 4017 1271 4058 et
1282 4008 1382 4058 Tacito
1394 4006 1443 4058 usi·

290 4067 359 4116 usis
373 4065 452 4127 molo]
472 4067 597 4118 Homines
609 4067 672 4120 verd
689 4085 769 4134 pravo
781 4071 835 4122 otio
858 4075 924 4124 tata.

255 4132 355 4198 perditi
367 4132 426 4180 lues
439 4140 500 4180 sttnt
512 4143 540 4184 et
551 4135 634 4199 pestis
647 4137 803 4200 reiqulicae.
891 4156 907 4190 o
923 4140 1021 4204 Victus]
1032 4140 1141 4192 Scilicet
1153 4142 1178 4191 in
1190 4141 1223 4192 iis
1236 4156 1398 4208 progressus
1408 4137 1443 4188 t'a·

289 4194 454 4276 inventas]
464 4198 568 4262 opums
579 4211 680 4255 auctor,
692 4204 738 4267 qui
750 4219 836 4254 rerum
860 4207 953 4267 cimus,
965 4209 1062 4272 quibus
1081 4208 1265 4266 ineuntibus,
1283 4223 1372 4274 neque
1388 4205 1444 4256 fieri

255 4275 336 4330 caput
361 4272 478 4330 attingit.
512 4267 600 4335 Atque
623 4269 745 4333 equidem
767 4270 836 4320 haud
859 4281 947 4337 potest
962 4285 999 4334 ιιι,
1011 4275 1056 4338 qui
1070 4276 1184 4325 maximo
1193 4291 1254 4326 cum
1267 4275 1360 4326 labore
1372 4287 1445 4324 accu-

252 4331 331 4383 istud
342 4331 401 4383 dico
414 4347 461 4396 pet·
471 4331 671 4400 impudentiam,
679 4337 754 4401 quasi
768 4337 792 4387 in
802 4339 839 4386 vi·
860 4340 991 4391 multandis
1006 4339 1110 4392 divitiis
1121 4342 1236 4406 studuit,
1250 4341 1307 4396 sine
1318 4357 1354 4395 eo
1366 4341 1445 4396 vinu-

257 4413 286 4452 ιο
308 4394 409 4450 summe
427 4398 537 4465 politico
556 4400 759 4478 aliquid-qusint
777 4404 839 4488 alibi
860 4414 915 4460 tem
927 4406 1120 4463 nactusfuerit.
