3034 5060
389 301 592 370 nannum
614 299 991 406 Juannnnmpm.
1176 367 1187 393 ,
1222 309 1281 372 us

104 480 254 546 fratribus
279 497 352 543 aras
370 478 605 557 consecravere,
630 475 746 560 aliique
772 473 833 540 illis
861 473 948 538 domi
972 473 1108 538 honores
1136 475 1281 542 institui.

104 565 202 632 Nunc
217 567 256 628 ad
271 585 336 626 rem
350 564 458 636 redeo.

148 643 299 735 Jugurtha
315 664 492 732 postquam,
507 647 619 712 amissi
633 647 744 726 Thala,
759 646 837 710 nihil
852 642 928 710 satis
944 646 1071 710 firmum
1087 648 1194 711 canni
1208 649 1283 714 Me·

104 739 213 810 tellum
228 750 325 818 putat,
339 756 395 823 per
409 755 538 816 magnas
559 743 573 772 ²
582 734 766 798 solitudines
780 753 851 795 cum
867 731 975 816 paucis
989 731 1160 816 profectus,
1173 757 1283 818 perve-

103 822 151 886 nit
164 823 202 884 ad
218 823 366 890 Gaetulos,
383 840 482 900 genus
497 819 659 882 hominnm
675 817 790 896 ferum,
804 819 1029 900 incultumque,
1043 835 1074 880 et
1089 841 1128 882 eo
1142 835 1284 904 tempore

103 906 245 990 ignarum
268 905 403 972 nominis
423 903 569 966 Romani.
614 905 736 969 Eorum
759 904 993 968 multitudinem
1013 903 1044 966 in
1065 925 1163 968 unum
1179 909 1284 992 cogit;

103 1014 140 1057 ac
155 994 303 1075 paulatim
320 988 510 1056 consuefacit
528 986 674 1054 lordines
687 991 813 1068 habere,
828 991 917 1073 signa
932 989 1034 1070 sequi,
1044 989 1211 1074 imperium
1228 993 1284 1056 ob·

102 1099 240 1157 servare,
251 1080 327 1141 item
343 1065 402 1138 alia
413 1075 559 1138 militaria
570 1076 683 1142 facere.
709 1071 864 1140 Praeterei
875 1075 959 1158 regis
977 1074 1094 1137 llocahi
1107 1079 1285 1159 ¹proximos

102 1164 224 1248 magnis
239 1161 432 1234 muneribus,
444 1179 475 1224 et
491 1163 663 1246 majoribus
676 1162 838 1245 promissis
853 1163 894 1224 ad
907 1159 1048 1224 studium
1062 1161 1112 1222 sni
1125 1164 1284 1244 perducit:

102 1249 174 1330 quis
193 1248 390 1333 adjutoribus
406 1267 513 1328 regem
534 1254 712 1328 aggressus,
727 1247 869 1329 impellit,
882 1261 918 1308 ut
937 1247 1106 1311 adversum
1126 1247 1286 1314 Romanos

100 1335 221 1398 bellum
237 1333 396 1416 suscipiat.
441 1331 481 1416 Id
497 1333 533 1393 ei
548 1331 646 1414 gratiis
661 1329 794 1410 facilius,
808 1331 998 1414 proniusque
1013 1330 1084 1408 fuit,
1100 1331 1187 1412 quod
1203 1334 1285 1397 Boc·

19 1427 21 1440 ²
103 1419 183 1482 chus
197 1419 289 1483 initio
298 1418 427 1502 hujusce
444 1417 515 1478 belli
526 1418 645 1499 legatos
657 1416 794 1480 Romam
805 1415 1061 1493 miserantem,
1073 1432 1105 1480 et
1116 1417 1288 1483 amicitiam

102 1505 249 1586 petitum.
294 1503 399 1578 Quam
412 1525 478 1565 rem
492 1501 787 1585 opportunissimam
803 1503 933 1586 incaepto
948 1501 1041 1566 ebelli
1056 1499 1172 1586 lpauci
1187 1503 1287 1588 impe-

102 1589 257 1666 diverant,
273 1590 344 1652 caeci
358 1589 499 1666 avaritii,
510 1588 584 1670 quis
599 1587 704 1650 omnia
717 1588 857 1664 honesta,
868 1604 962 1670 atque
974 1586 1137 1651 inhonesta
1150 1591 1287 1654 vendere

102 1695 173 1738 mos
188 1689 265 1738 erat.
309 1674 416 1738 Etiam
439 1670 528 1736 antei
547 1674 709 1756 Jugurtbae
726 1675 789 1738 filia
808 1673 938 1737 Boccho
959 1689 1116 1756 nupserat.
1160 1674 1287 1740 Vertim

102 1781 142 1824 ea
156 1761 354 1824 necessitudo
370 1759 454 1841 apud
470 1759 642 1836 Numidas,
654 1759 850 1840 Maurosque
864 1759 943 1823 levis
956 1757 1101 1833 ducitnr;
1120 1759 1207 1842 quod
1223 1763 1287 1824 sin·

104 1846 173 1928 guli
185 1866 241 1928 pro
253 1845 375 1928 opibus,
387 1843 521 1924 quisque
532 1839 626 1923 quim
638 1843 788 1925 plurimas
798 1863 925 1920 uxores,
935 1845 1031 1904 denas
1044 1845 1108 1921 alii,
1119 1846 1171 1907 alii
1183 1848 1288 1928 plures

103 1931 240 1992 habeant
249 1955 258 2003 ;
280 1930 337 1992 sed
348 1947 439 2012 reges
454 1949 492 1989 eo
508 1926 654 2009 amplius.
699 1927 748 1990 Ita
770 1922 915 1990 eanimus
927 1926 1126 1990 multitudiue
1142 1931 1288 1994 distrahi-

102 2029 176 2082 tur:
199 2012 334 2084 ‘nullam
350 2035 406 2098 pro
428 2013 535 2076 gsocii
549 2011 685 2076 obtinet:
709 2013 825 2098 pariter
839 2011 1041 2075 omnesviles
1056 2027 1139 2076 sunt.
1184 2015 1290 2098 Igitur

103 2101 257 2164 inlocum
273 2099 423 2174 ambobus
438 2097 585 2180 placitum
602 2099 758 2162 exercitus
773 2097 970 2162 conveniunt.
1017 2096 1077 2170 Ibi,
1093 2099 1154 2162 fide
1171 2101 1242 2162 dati
1258 2117 1290 2166 et

104 2189 242 2269 accepta,
259 2181 415 2268 Jugurtbi
432 2183 550 2250 Bocchi
569 2184 709 2248 animum
729 2184 867 2248 oratione
883 2182 1042 2248 accendit:
1067 2181 1227 2249 Romanos
1243 2187 1290 2250 in·

100 2273 217 2356 justos,
231 2269 385 2354 profundi
400 2269 540 2346 avaritia,
553 2291 737 2332 communes
750 2271 891 2344 omniunt
904 2270 1009 2332 hostes
1024 2289 1108 2332 esse:
1132 2267 1290 2340 heandem

20 2429 21 2434 η
105 2357 176 2424 illos
184 2377 313 2418 causam
325 2357 398 2418 belli
409 2376 481 2418 cum
495 2355 622 2418 Boccho
632 2355 758 2432 habere,
768 2353 863 2436 quim
875 2375 993 2432 securn,
1004 2371 1035 2415 et
1049 2376 1120 2418 cum
1134 2357 1201 2419 aliis
1214 2379 1289 2440 gen·

104 2443 209 2506 tibus:
226 2440 398 2506 lubidinem
411 2439 623 2522 imperitandi,
638 2442 712 2522 quis
727 2443 833 2504 omnia
847 2461 943 2524 regna
956 2443 1087 2514 adversa
1103 2442 1182 2504 sint:
1199 2446 1291 2508 ‘tum

105 2551 189 2605 sese,
210 2527 304 2613 pauld
327 2523 398 2590 ante
423 2525 706 2608 Carthaginienses,
730 2529 805 2590 item
827 2547 936 2610 regem
959 2524 1109 2588 iPersen:
1132 2529 1223 2610 kposp
1243 2531 1291 2591 uti

106 2615 243 2698 quisque
266 2613 522 2696 opulentissimus
544 2613 699 2690 videatur,
721 2613 767 2678 ita
785 2611 937 2676 Romanis
952 2611 1083 2676 'hostem
1102 2610 1192 2676 lore:
1216 2615 1291 2688 His,

105 2717 202 2783 atque
217 2699 286 2764 aliis
302 2699 415 2764 talibus
426 2697 531 2777 dictis,
545 2699 586 2762 ad
602 2697 724 2766 Cirtam
739 2700 891 2782 oppidum
902 2699 962 2762 iter
977 2697 1188 2775 constituunt,
1203 2699 1295 2782 quod

552 2835 851 2924 mesaranrnrro.

150 3023 691 3110 ¹Addacitadsutsmdiumfi1mi-
714 3027 795 3088 liram
820 3047 885 3090 esse
910 3036 971 3088 lum
996 3027 1109 3088 hostem
1132 3025 1292 3090 Romanis.

72 3120 84 3136 “
106 3113 203 3175 liores
215 3125 244 3174 et
258 3113 369 3174 amicos
381 3112 465 3194 regia
478 3111 590 3174 Bocchi
605 3133 691 3195 mag·
714 3111 1294 3196 Cbrtlmginienscssuissebostespaalo

107 3201 160 3261 nis
180 3197 365 3280 muneribus,
384 3210 414 3261 et
432 3197 598 3282 nemoribus
615 3211 691 3282 pro·
712 3198 796 3275 anti,
807 3200 876 3260 ilem
894 3220 995 3280 regem
1011 3197 1144 3267 Persem
1154 3195 1236 3282 pist,
1248 3201 1294 3260 ita

105 3285 223 3346 missis.
714 3285 847 3368 quemvis
862 3284 903 3345 iis
918 3289 1030 3345 bostem
1041 3283 1127 3368 sare,
1142 3281 1189 3345 uti
1209 3285 1292 3370 qais-

151 3373 166 3450 }
192 3368 282 3432 Dicit
312 3368 450 3450 Baccho,
474 3389 540 3432 sese
563 3367 691 3453 Jugur-
714 3389 772 3453 que
786 3370 925 3432 videatur
940 3371 1195 3454 opulentissimus.

646 3499 762 3548 NOTAE.

142 3625 159 3660 a
171 3605 347 3672 solitudines]
362 3609 415 3660 Dea
426 3608 528 3660 diserta.
715 3606 811 3659 bellum
825 3623 876 3658 non
894 3607 1064 3659 indixissent:
1083 3608 1296 3674 quandoquidem

142 3677 161 3726 b
174 3677 424 3739 Ordmeslmerelnl
430 3677 599 3740 garderleum
608 3692 693 3740 range.
716 3677 768 3726 nna
780 3683 809 3726 et
820 3676 916 3726 eadem
931 3676 1039 3728 libidine
1053 3675 1079 3726 in
1092 3691 1181 3728 omnes
1193 3693 1298 3732 succes·

142 3759 158 3793 c
177 3744 264 3806 Belli]
286 3746 382 3794 Contra
396 3745 567 3810 sugaranam,
579 3743 693 3804 scilicet,
718 3741 772 3792 sive
787 3742 960 3810 insurgerent·
1230 3790 1235 3796 .

20 3821 21 3824 ’
109 3812 173 3876 quia
184 3813 307 3862 Bocchus
320 3809 421 3863 vicinus
433 3819 495 3860 erat.
750 3811 884 3872 fferam]
907 3813 964 3860 Rex
977 3807 1029 3860 fuit
1046 3809 1205 3862 Macedonis
1216 3825 1298 3877 quem

143 3876 280 3941 dPaaci.]
291 3876 400 3928 Nobiles
413 3876 530 3928 Romani.
718 3879 813 3928 Paulus
827 3877 948 3930 AEmilius
961 3875 1113 3939 debellavit,
1123 3887 1151 3930 et
1168 3879 1194 3929 in
1205 3881 1298 3928 trium·

144 3959 160 3994 e
174 3943 300 4008 Animas]
313 3945 345 3995 Ι)
356 3945 477 4009 affection.
717 3945 795 4008 phum
809 3945 895 3995 duxit.
1075 3939 1084 3952 ¹

145 4009 161 4059 l'
169 4012 291 4076 Nullam]
304 4011 411 4064 Mallem
423 4015 498 4062 nulla
749 4011 865 4075 lerona]
886 4013 915 4062 In
927 4010 1084 4077 quibusdam
1097 4011 1233 4063 codicibus
1245 4024 1303 4080 vox¹

146 4077 276 4143 griscia]
293 4080 417 4130 Matrona
428 4091 452 4130 st
462 4080 654 4144 matrefamilias,
665 4085 694 4129 ut
717 4079 768 4130 ista
786 4095 845 4130 cum
863 4079 1034 4144 praecedente,
1050 4080 1123 4130 nulli
1142 4075 1300 4142 interposita

111 4141 185 4208 aImd
197 4147 335 4208 Romanos·
651 4147 655 4159 “
717 4147 830 4212 vir-gula,
842 4147 993 4211 colligitur·;
1012 4147 1081 4196 unde
1094 4161 1167 4196 error
1180 4145 1204 4192 in
1218 4143 1300 4192 Chro-

146 4208 164 4257 h
179 4211 308 4276 Eandem]
319 4214 398 4279 Cupit
406 4213 547 4280 iugurtha,
559 4212 692 4264 Bocchum
716 4214 848 4279 nologiam
868 4213 1016 4270 induebam
1036 4214 1058 4262 si
1076 4213 1184 4278 quidem
1203 4211 1297 4258 Perses

19 4311 21 4318 ,
112 4277 275 4342 intelligere,
287 4281 346 4343 ipsi,
357 4283 467 4346 perinde
478 4297 508 4331 ac
520 4279 580 4342 sibi,
588 4281 646 4330 aliis
657 4279 695 4330 r'e·
717 4279 786 4343 ante,
796 4297 845 4334 non
857 4289 918 4346 past
929 4275 1297 4347 Cartbsginienses,devictus

107 4341 190 4415 ,gibus
204 4349 332 4400 Romanos
344 4349 434 4401 hostes
446 4363 514 4411 esse,
525 4346 693 4416 cluantumvis
717 4355 768 4402 est.
1101 4381 1102 4386 κ
