3034 5060
417 375 620 444 BELLUM
642 373 1019 460 JUGURTHINUM.
1253 388 1312 445 115

124 547 261 632 gloriam
278 547 396 634 injustae
411 550 558 634 potentiae
575 563 814 636 anteponerent;
836 554 957 618 moveri
973 551 1095 630 ciuitas,
1110 563 1143 615 et
1156 551 1310 618 dissensio

124 637 241 716 civilis,
255 638 342 718 quasi
365 637 554 720 tpermistio
569 650 669 716 terrae,
683 639 758 702 oriri
780 641 880 724 coepit.
926 638 1012 702 Nam
1034 654 1200 724 postquam
1214 639 1310 702 Tibe·

124 721 206 799 rius,
220 738 251 787 et
262 723 301 785 C.
318 721 492 800 Gracchus,
507 743 641 806 quorum
653 724 789 809 majores
799 726 931 800 Punico,
942 741 1035 808 stque
1049 723 1119 787 aliis
1130 723 1219 786 bellis
1232 727 1312 789 mul·

125 807 199 869 tum
210 809 330 891 reipub.
342 809 540 887 addiderant,
552 808 710 872 vindicare
722 811 844 894 plebem
857 813 888 874 in
899 813 1086 887 libertatem,
1098 826 1129 873 et
1140 807 1313 893 psucn'rum

122 893 242 956 scelera
257 893 433 977 patefacere
448 895 589 978 caperer
605 895 748 959 nobilitas
764 897 868 974 noxia,
884 912 977 980 atque
993 918 1030 959 eo
1045 899 1198 980 perculsa,
1214 896 1311 958 modd

119 997 181 1058 per
196 981 309 1056 socios,
322 995 355 1041 et
369 997 483 1041 nomen
499 980 660 1056 Latinum,
675 982 833 1048 interdum
850 1004 906 1065 per
920 983 1041 1064 equites
1058 981 1217 1044 Romanos
1233 1001 1313 1064 quos

121 1059 218 1147 ''spes
239 1064 398 1127 societatis
413 1060 431 1126 it
448 1066 537 1150 plebe
554 1065 741 1146 dimoverat,
757 1067 974 1132 Gracchorum
993 1067 1165 1130 actionibus
1185 1069 1313 1130 obviam

121 1147 219 1212 ierat:
236 1165 268 1212 et
280 1148 385 1232 primd
402 1149 579 1230 Tiberium,
593 1151 668 1215 dein
682 1164 821 1236 “paucos
835 1169 905 1238 post
920 1174 1027 1228 annos,
1043 1154 1154 1216 eadem
1167 1151 1200 1192 ‘¹¹
1209 1153 1313 1237 ingre-

120 1232 265 1298 dientem
280 1233 406 1312 Caium,
415 1234 550 1302 Tribun.
563 1235 606 1320 pl.
622 1237 766 1314 alterum,
778 1239 910 1302 alterum
925 1238 1149 1301 etriumvirum
1164 1235 1313 1301 ‘coloniis

121 1319 331 1390 deducendis,
340 1341 411 1382 cum
423 1319 475 1382 Μ.
484 1321 599 1385 Fulvio
609 1321 734 1400 Flacco,
744 1321 828 1385 ferro
836 1339 1010 1386 necaverat.
1024 1323 1067 1385 Et
1076 1320 1149 1384 sane
1160 1323 1313 1388 Gracchis

122 1404 274 1488 cupidine
285 1404 432 1480 victoria,
441 1406 524 1470 haud
534 1403 611 1469 satis
620 1407 952 1472 animusssmoderatus
962 1409 1032 1472 luit.
1058 1404 1313 1472 hSedbonorin·

15 1513 19 1521 ·
123 1489 156 1549 ei
173 1488 272 1554 satida
287 1505 344 1571 est,
360 1511 454 1580 quam
469 1493 653 1559 malamore
669 1493 817 1586 injuriam
834 1495 969 1562 vincere.
1015 1493 1119 1580 Igitur
1133 1496 1169 1563 esi
1185 1493 1314 1558 victoria

567 1715 868 1770 turuuPunTATm.

152 1921 181 1972 .¹
205 1919 248 1980 Et
272 1917 415 2004 nobilitas
439 1932 602 1980 necaverat
615 1919 709 2005 serra
728 1917 837 2000 plebis,
848 1937 942 1980 unum
957 1939 996 1980 ex
1010 1917 1183 1980 triumuiris
1198 1919 1251 2002 qui
1265 1939 1313 1982 co-

116 2002 224 2091 primd
244 2003 399 2065 liberium
414 2001 593 2082 Gracchum,
604 2005 711 2068 deinde
732 2003 830 2066 lanias
851 2003 996 2066 deducere
1015 2003 1169 2082 debebant,
1181 2023 1247 2067 cum
1265 2004 1314 2072 M.

114 2103 193 2175 post
208 2103 325 2173 paucos
346 2109 442 2151 aanor
464 2089 566 2150 eadem
587 2091 708 2153 mulien·
732 2088 840 2153 Fulvio
855 2088 984 2172 Flacco·⁴

122 2191 183 2242 rem
215 2175 320 2246 Caium
346 2175 526 2260 Gracchum,
553 2175 707 2246 tribunum

662 2381 777 2438 NOTAE.

155 2552 170 2588 a
182 2539 321 2588 Panaetio
334 2535 637 2603 terra.]1ntellige,cum
648 2535 709 2588 reli·
761 2533 966 2602 ngrderaer'tur]
990 2538 1070 2597 Nota,
1082 2551 1179 2602 quaeso,
1192 2536 1314 2591 Sallustii

117 2605 183 2670 quis
196 2603 342 2658 elementis.
371 2602 505 2668 expresse
518 2600 639 2671 protecto
651 2618 707 2654 rem
723 2600 874 2668 judicium:
894 2601 996 2669 optime
1013 2603 1091 2654 dere
1109 2607 1232 2662 maxima,
1249 2606 1316 2670 quin

117 2671 266 2742 ipsamhao
276 2671 469 2736 comparatione
477 2671 606 2738 signavim
618 2685 708 2736 quem·
727 2669 761 2720 de
773 2686 802 2720 re
814 2685 872 2736 quac
886 2671 1005 2736 quotidie
1017 2670 1116 2720 millies
1131 2670 1157 2720 iu
1172 2685 1220 2720 usu
1233 2672 1315 2736 venit,

117 2738 262 2789 admodum
283 2739 354 2794 enim
375 2753 410 2790 ex
427 2738 618 2788 elementorum
637 2752 708 2787 com·
728 2737 886 2788 sententiam
905 2737 981 2790 dixit.
1014 2741 1053 2788 Ea
1069 2745 1111 2787 est
1132 2739 1203 2787 enim
1225 2739 1314 2789 cordis

118 2805 258 2864 mixtione,
269 2821 320 2854 non
332 2803 411 2854 modo
420 2804 492 2853 nulla
507 2819 569 2869 psrs
581 2803 661 2854 ullius
674 2803 707 2853 ab
727 2805 810 2858 nostri
821 2801 936 2864 fallacia,
948 2811 993 2854 sut
1002 2803 1182 2862 imbecillitas,
1193 2810 1223 2854 ut
1231 2807 1316 2858 etism

118 2872 178 2922 aliis
196 2871 368 2931 discernitur,
388 2871 437 2922 sed
453 2865 568 2936 amplihs
588 2873 658 2921 iuter
679 2887 707 2921 se
727 2870 790 2920 dum
802 2870 927 2921 virtutem
941 2871 1174 2929 sectamur,nimio
1186 2873 1275 2922 studio
1288 2874 1315 2924 in

118 2938 220 2991 bellum
240 2938 397 2993 intestinum
415 2944 527 3004 geruum
548 2938 586 2987 ita
603 2936 707 3003 quando
727 2937 820 2987 vitium
845 2937 1017 2994 incurramus.
1051 2939 1191 2995 voluntas,
1215 2953 1273 3006 quac
1296 2938 1315 2990 a

117 3003 253 3054 vaferrimi
264 3005 388 3064 latrones,
397 3003 459 3053 boni
471 3009 500 3052 et
508 3003 618 3068 publicae
629 3004 708 3054 liber·
726 3001 813 3067 primd
826 3003 861 3054 ad
874 3004 979 3068 bonum,
992 3004 1053 3053 boni
1067 3005 1156 3070 specie
1169 3004 1316 3068 ferebatur,

117 3071 185 3120 tatis
199 3071 287 3134 specie
301 3069 490 3136 rempublicam
507 3077 705 3136 oppresserunt,
728 3069 762 3120 ad
774 3071 872 3121 malum
885 3071 939 3122 sine
953 3087 1032 3120 sensu
1045 3071 1163 3129 inclinat,
1176 3071 1238 3122 dum
1251 3087 1316 3136 pau·

116 3152 205 3187 caecus
223 3137 337 3202 populus
354 3133 501 3187 assertores
520 3145 550 3188 et
569 3138 706 3206 legitimos
726 3137 801 3187 latim
812 3136 914 3188 eobani
926 3138 1096 3204 species,pm
1109 3135 1189 3187 variis
1203 3139 1316 3190 circum·

117 3220 181 3259 suos
195 3205 376 3254 moderatores
393 3202 456 3254 oum
471 3203 628 3270 dignoscere
646 3221 705 3255 nes·
727 3204 841 3265 stantiis,
853 3205 1033 3270 caligantibus
1052 3204 1137 3256 oculis
1153 3205 1313 3270 surripitur;

116 3271 336 3388 cit,pierumque
350 3287 397 3324 eos
414 3285 462 3336 per
474 3271 637 3328 discordiam
650 3273 706 3324 suis
726 3270 833 3331 deinde,
845 3272 909 3348 quia
923 3271 950 3321 in
962 3279 1037 3322 motu
1055 3279 1106 3332 est,
1118 3281 1249 3333 movetur,
1260 3290 1314 3326 non

116 3337 168 3387 insi
190 3338 316 3389 istoribus
329 3337 485 3388 mactandos
494 3339 584 3396 tradit.
725 3339 789 3402 quia
802 3337 898 3388 bonum
909 3339 1090 3405 prosequitur.
1123 3338 1199 3388 Istud
1212 3339 1315 3390 indicat

129 3399 130 3406 ’
152 3401 269 3468 Πρω]
293 3407 418 3455 Senatum
437 3403 546 3469 equites
562 3403 706 3470 aliquando
726 3404 879 3465 Sallustius,
896 3403 958 3456 cdm
981 3406 1107 3470 cupidine
1127 3406 1257 3464 victoriae,
1274 3408 1315 3456 ni-

116 3472 278 3528 auctoritate
300 3477 346 3520 suu
367 3471 588 3530 communicasse,
604 3471 648 3520 vel
670 3485 706 3522 ex
727 3469 794 3520 mios
809 3473 945 3523 Gracchos
956 3471 1041 3522 fuisse
1054 3471 1130 3522 dicit.
1165 3474 1227 3521 Haec
1240 3473 1314 3536 cupi.

115 3537 242 3612 Epitome
253 3537 326 3586 Flori
339 3537 518 3602 cogitoscitur.
667 3559 669 3564 ·
725 3537 770 3598 do,
781 3537 825 3588 hic
837 3539 918 3588 animi
931 3545 1020 3589 motus
1034 3540 1171 3597 rationem,
1185 3539 1239 3602 qud
1251 3538 1314 3592 boui

150 3602 444 3667 cPaacoe.]Undeaim
454 3612 501 3654 aut
511 3603 663 3666 duodecim,
671 3604 704 3656 ad
724 3605 798 3654 cives
815 3601 919 3656 fuerant
934 3614 964 3656 et
982 3605 1149 3664 dicebantur,
1169 3605 1202 3656 ab
1220 3620 1314 3660 eurum

115 3685 257 3723 summum.
617 3691 619 3696 ·
660 3699 663 3706 ι
725 3671 808 3724 oculis
825 3671 929 3722 avertit.

150 3734 390 3802 dhrgredientern]
413 3737 544 3802 Populum
560 3736 704 3788 defendere
757 3737 857 3799 husu]
875 3741 952 3788 Nunc
966 3739 999 3788 de
1012 3744 1106 3788 senatu
1117 3738 1260 3804 Sallustius
1267 3739 1314 3807 jus

114 3812 234 3864 conatus,
247 3803 338 3854 nstris
357 3810 472 3871 agrarias
489 3807 564 3873 leges
579 3805 704 3868 asseruit,
724 3805 824 3856 dicium
835 3819 913 3855 sumn
925 3803 1036 3868 profert,
1045 3806 1091 3872 qui
1104 3813 1134 3856 ut
1145 3806 1188 3856 ille
1203 3807 1248 3867 ait,
1258 3822 1313 3856 me·

115 3875 160 3922 tre.
421 3905 423 3910 .
724 3869 777 3922 lihs
792 3870 889 3923 fuisset
908 3872 1085 3922 Gracchorum
1104 3873 1171 3924 bono
1189 3883 1217 3924 et
1234 3875 1314 3938 requi-

147 3936 372 4002 eTrrumorfrum]
395 3939 456 3987 Mos
472 3945 531 3990 eret
548 3944 613 3999 tres,
629 3937 703 4004 quin·
724 3945 779 3989 tate
797 3940 876 3999 rioci,
888 3935 965 4000 quun
984 3940 1088 3990 vincere
1107 3939 1238 4006 injuriam.
1273 3941 1313 3990 At

115 3993 376 4070 que‚‘septenrdeci'm
391 4005 522 4060 tironiae.
535 4007 701 4072 eligere.flui
723 4002 786 4057 verd
811 4005 959 4070 generatim
980 4005 1122 4072 loquendo,
1144 4023 1195 4056 non
1219 4003 1329 4070 aperte).¹

115 4072 149 4119 iis
161 4087 239 4136 ‘agros
252 4073 411 4132 dividerent,
423 4071 471 4136 qui
483 4074 510 4124 in
522 4072 639 4124 colonias
658 4073 703 4122 de·
722 4075 879 4124 sententiam
890 4081 964 4124 suam
970 4071 1060 4125 dicere
1066 4074 1259 4132 auctorvoluit,
1267 4086 1310 4134 ne,

114 4137 287 4187 ducebantur.
723 4142 746 4190 si
758 4149 849 4206 partes
860 4139 1014 4190 nominatim
1030 4139 1253 4206 reprehendisset,
1267 4153 1311 4196 aus

148 4201 163 4252 s
188 4205 312 4269 calmund
341 4203 452 4256 colonis
475 4204 619 4258 multitudo
643 4215 702 4256 erat
722 4207 1090 4264 dacitert'ecisseuideretur.

113 4269 213 4320 cisium
231 4273 414 4336 homanorum,
426 4272 474 4338 qui
492 4275 518 4324 in
537 4273 603 4324 alias
621 4269 700 4322 sedes

113 4335 321 4398 deducebantur,
339 4339 489 4406 quibusque
509 4340 565 4407 agri
588 4337 697 4404 publice

114 4403 323 4472 assignabuntur.
461 4403 462 4408 ’
