3034 5060
182 313 242 372 tat
639 295 890 364 SALLUSTll

178 493 313 564 ternpus,
326 488 380 540 aut
404 474 535 538 *locum
553 486 659 556 pagna
674 491 830 556 quaerere:
853 468 916 554 qna
929 483 1096 536 venturum
1111 469 1234 534 hostem
1250 472 1365 537 audie·

177 582 237 645 rat,
247 565 394 649 pabulum
405 576 436 624 et
449 579 600 642 aquarum
613 557 724 634 fontes,
736 579 870 639 quorum
885 559 1015 642 penuria
1027 570 1105 633 erat,
1115 567 1129 596 ²
1139 577 1337 640 corrumpere
1350 583 1363 622 :

177 649 276 716 modo
291 671 324 713 se
339 647 483 722 Metello,
496 645 654 707 interdum
668 644 776 706 Mario
789 645 972 706 ostendere:
996 657 1171 728 postremos
1186 641 1219 704 in
1232 646 1364 726 agmine

138 727 140 732 ¹
177 753 307 813 tentare,
317 755 354 798 ac
369 733 474 796 statim
489 731 522 793 in
537 731 630 794 colles
645 731 789 809 regredi:
813 750 922 794 rursus
934 729 1017 808 aliis,
1029 743 1100 811 post
1114 727 1183 791 aliis
1199 729 1337 792 minitari
1352 751 1364 792 :

176 835 279 904 neque
291 821 431 904 prelium
443 817 557 892 facere,
567 835 669 897 neque
684 815 783 878 otium
795 815 879 897 pati:
896 815 1114 879 tantummodo
1125 813 1247 876 hostem
1262 815 1301 878 ab
1313 816 1367 878 in·

176 925 267 992 cepto
282 907 448 968 bretinere.
491 902 661 964 Romanus·
670 900 838 982 imperator
850 899 904 964 ubi
917 921 950 963 se
964 900 1045 964 dolis
1059 898 1183 984 fatigari
1196 899 1294 978 videt,
1305 923 1364 963 ne-

177 1016 239 1078 que
251 996 291 1056 ab
305 987 529 1071 hostecopiam
542 987 702 1068 pugnandi
716 986 802 1047 lieri:
819 982 929 1050 urbem
946 1006 1104 1070 magnam,
1119 1000 1151 1047 ct
1166 986 1198 1046 in
1213 988 1249 1047 cai
1261 1002 1365 1068 parte,

176 1081 239 1162 qui
253 1080 313 1142 sita
325 1091 401 1153 erat,
416 1093 519 1136 arcem
534 1070 635 1156 regni,
647 1071 771 1134 nomine
786 1085 799 1112 0
811 1069 956 1148 Zamam,
971 1071 1081 1136 statuit
1094 1091 1291 1154 oppugnare:
1310 1093 1363 1134 ra-

176 1179 228 1228 tus
240 1166 273 1228 id
286 1163 370 1246 quod
386 1159 547 1242 negotium
562 1158 719 1239 poscebat,
734 1157 923 1238 Jugurthatn
936 1157 1147 1222 laborantibus
1162 1155 1227 1218 suis
1241 1158 1364 1220 auxilio

176 1267 356 1324 venturum,
366 1246 471 1327 ibique
487 1241 627 1326 prolium
643 1242 722 1306 fore.
761 1242 809 1303 At
824 1242 886 1318 ille,
897 1261 966 1323 quac
980 1237 1205 1325 parabantur,a
1220 1241 1364 1324 perfugis

177 1337 318 1409 edoctus,
331 1329 477 1416 dmagnis‘
490 1329 653 1392 itineribus
666 1326 836 1390 Metellum
847 1328 1019 1390 antevenit:
1037 1325 1208 1409 oppidanos
1219 1327 1364 1391 bortatur

175 1412 724 1492 moeuiadefendant,additis-auxilio
734 1411 874 1496 perfugis
884 1433 892 1474 :
903 1414 990 1494 quod
999 1432 1097 1496 genus
1108 1433 1148 1474 ex
1157 1411 1255 1494 copiis
1262 1413 1363 1496 regis,

177 1511 252 1590 quia
260 1505 365 1570 fallere
375 1512 387 1540 ⁶
397 1500 577 1581 nequibant,
587 1497 802 1561 firmissimum
811 1513 887 1560 erat.
898 1499 1049 1562 Preterea
1059 1498 1230 1581 pollicetur,
1239 1499 1270 1560 in
1279 1511 1363 1562 tem-

175 1614 252 1678 pore
265 1604 365 1656 semet
380 1608 451 1650 cum
467 1585 609 1646 exercitu
623 1584 728 1646 affore.
753 1583 803 1646 Ita
818 1584 999 1666 compositis
1013 1585 1118 1659 rebus,
1132 1585 1162 1646 in
1178 1584 1247 1646 loca
1261 1581 1362 1666 quam

176 1673 317 1742 maxime
328 1673 449 1736 occulta
457 1669 609 1744 discedit:
621 1690 657 1732 ac
666 1667 759 1752 paulb
769 1684 839 1752 post
847 1671 1017 1751 cognoscit,
1028 1669 1168 1732 Marium
1179 1667 1236 1734 fex
1245 1671 1364 1734 itinere

176 1763 400 1834 immentorum
420 1777 493 1820 cum
508 1755 615 1838 paucis
630 1756 809 1818 cohortibus
830 1755 977 1818 ssSiccam
997 1755 1148 1818 missum:
1172 1755 1258 1838 quod
1272 1755 1364 1838 oppi-

178 1851 268 1923 dum,
283 1846 418 1928 primum
431 1843 585 1920 omnium,
599 1855 670 1923 post
685 1842 799 1904 malam
815 1861 952 1924 pugnam
968 1841 1007 1902 ab
1022 1862 1096 1924 rege
1112 1839 1280 1904 defecerat.
1309 1840 1366 1904 Ec

178 1955 252 1997 eum
266 1931 395 1995 delectis
415 1927 573 2010 equitibus
592 1940 686 1990 noctu
696 1927 814 2008 pergit,
830 1941 861 1988 et
878 1926 947 2009 jam
961 1925 1194 2009 egredientibus
1211 1927 1364 1990 Romanis

177 2020 232 2082 ¹²in
247 2020 334 2102 porta
345 2035 481 2099 pugnam
491 2012 583 2076 facit:
600 2012 695 2074 simul
707 2015 904 2094 magnivoce
916 2011 1076 2076 Sicteoscs
1087 2012 1240 2088 hortatur,
1251 2009 1295 2075 uti
1307 2035 1363 2074 co·

177 2107 284 2168 hortos
299 2104 337 2164 ab
351 2118 441 2181 tergo
456 2098 719 2162 circumveniant:
743 2097 899 2160 fortunam
918 2097 978 2158 illis
993 2097 1132 2180 praeclari
1149 2098 1294 2160 facinoris
1309 2117 1363 2160 ca-

178 2213 250 2257 sum
262 2190 352 2252 dare:
369 2187 396 2248 si
409 2187 441 2246 id
454 2183 594 2260 feceriut,
604 2198 790 2264 posteasese
800 2183 831 2246 in
840 2203 948 2265 regno,
959 2184 1028 2246 illos
1039 2183 1192 2258 libertate,
1201 2184 1267 2246 sine
1275 2200 1365 2248 metu

177 2291 301 2356 atatem
318 2288 458 2334 acturos:
482 2290 518 2335 ac
532 2269 564 2330 ni
581 2267 707 2330 Marius
722 2269 811 2352 signa
831 2268 978 2345 ²inferre,
990 2283 1083 2350 atque
1100 2269 1366 2356 evadereoppido

180 2358 432 2450 iproperavisset,
451 2353 592 2438 profecti)
616 2354 730 2432 cuncti,
746 2371 800 2416 aut
822 2374 934 2436 magna
953 2375 1024 2438 pars
1047 2354 1243 2418 Siccensium
1267 2356 1366 2418 fidem

179 2446 401 2510 mutavissent:
417 2443 500 2504 tanta
516 2440 686 2502 mobilitate
697 2461 765 2503 sese
783 2441 934 2502 Numida
950 2455 1071 2522 gerunt.
1100 2441 1164 2502 Sed
1180 2441 1294 2514 milites
1306 2443 1365 2523 Ju-

180 2531 320 2616 gurtblni
335 2527 491 2612 paulisper
501 2529 539 2588 ab
553 2547 628 2606 rege
643 2526 817 2599 sustentati,
833 2542 997 2610 postquam
1013 2526 1130 2608 majore
1144 2525 1176 2586 vi
1192 2526 1298 2588 hostes
1312 2545 1366 2606 ur-

181 2632 266 2699 gent,
279 2617 386 2698 paucis
401 2613 524 2678 amissis
535 2610 660 2693 profugi
672 2611 847 2672 discedunt.
872 2609 999 2677 Marius
1011 2613 1051 2674 ad
1065 2609 1198 2676 Zamam
1211 2613 1365 2694 pervenit.

182 2703 224 2766 ld
237 2703 399 2786 oppidum,
414 2699 446 2760 in
461 2717 571 2779 campo
590 2696 686 2757 situm
703 2691 805 2777 magis
824 2698 842 2742 1¹¹
851 2717 957 2781 opere,
972 2694 1067 2780 quim
1084 2698 1192 2761 natura
1207 2699 1366 2771 munitum

623 2869 921 2920 INTERPRETATIO.
946 2894 949 2902 =

223 2989 235 3024 ¹
252 2987 295 3047 Et
313 2981 376 3044 nisi
393 2979 518 3044 Murius
535 2983 762 3063 properavisset
785 3001 896 3062 magno
906 2993 987 3063 pars
997 2981 1182 3047 Siccensium
1188 2977 1288 3068 fidem
1299 3001 1365 3048 mu·

179 3071 401 3156 inferresigno
412 3068 443 3128 in
453 3068 683 3150 immemorque
692 3087 759 3128 eva-
782 3067 940 3140 torrissem·
1188 3095 1197 3106 -

180 3161 252 3220 dere
281 3150 386 3240 oppido
404 3149 544 3238 'profecto
573 3154 685 3228 cuncti,
709 3165 783 3212 ortt·
805 3169 807 3176 ’

614 3268 616 3273 ’
707 3287 821 3338 nora.

215 3405 229 3432 ⁶
242 3400 351 3464 Locum]
363 3401 554 3466 Opportunum,
568 3395 697 3463 intellige.
785 3400 853 3447 uouit
863 3401 968 3450 &totle
977 3400 1082 3450 Murius
1098 3401 1207 3464 pendant
1219 3405 1245 3448 lo
1261 3403 1370 3452 murelle.

214 3486 230 3523 a
243 3465 427 3533 cummopere]
439 3469 555 3523 Veneno,
567 3464 686 3517 scilicet
818 3479 837 3530 g
856 3465 969 3528 Siccam]
990 3469 1106 3518 Vocatur
1124 3473 1153 3516 et
1170 3467 1230 3518 Sica
1244 3469 1371 3530 Veneris,

212 3538 231 3586 b
250 3534 391 3599 Retinere]
411 3537 446 3584 Ut
464 3543 568 3597 tempus
586 3530 763 3592 lucrifaceret,
785 3541 831 3580 aut
848 3533 975 3592 Veneres,
987 3532 1051 3584 item
1069 3533 1184 3584 Veneria
1200 3533 1369 3598 simpliciter.

179 3604 307 3668 moraque
320 3601 425 3653 Metelli
437 3601 583 3652 exercitum
596 3599 746 3648 conficeret.
786 3598 895 3662 Propior
911 3610 952 3649 est
964 3600 1149 3666 Carthaginem
1161 3597 1241 3666 quam
1255 3605 1373 3650 Zamam.-

214 3667 569 3732 clomam.]ACarthagine
582 3667 699 3730 quinque
709 3665 764 3714 die·
818 3665 1291 3730 hlnportrl]Siccaturbisscilicet.
1374 3717 1386 3723 ,

180 3751 240 3786 rum
261 3735 364 3794 itinere,
382 3733 474 3786 vereds
491 3729 669 3791 bocidentem,
686 3732 764 3781 dissi·
818 3733 1045 3797 'rProperom'esctJ
1064 3734 1203 3784 Numirum
1213 3735 1316 3783 Mariua
1329 3731 1373 3784 in-

180 3811 236 3854 tem
247 3815 305 3852 eam
314 3800 394 3850 fuisse
408 3802 506 3850 volunt.
781 3795 857 3863 juria:
873 3810 1035 3864 opportunus
1048 3797 1153 3862 luisset,
1165 3802 1188 3850 si
1204 3799 1229 3850 in
1248 3801 1313 3850 urbe
1327 3816 1373 3850 re-

214 3867 373 3932 dMngnr's.]
394 3867 462 3918 Gall.
479 3866 605 3926 dicimus,
617 3865 643 3913 λ
651 3867 763 3929 grandes
784 3866 919 3926 manisset,
931 3867 975 3918 ubi
988 3867 1032 3916 vel
1048 3869 1173 3918 mulieres
1189 3869 1224 3916 de
1239 3867 1373 3922 fenestrit

175 3939 288 4005 ιῑοιινηέε,
784 3933 901 3994 proelium
913 3933 1001 3984 facere
1012 3933 1177 3998 potuissent:
1189 3933 1291 3994 verum,
1302 3931 1373 3984 ciam

213 4001 406 4066 eNeqvibnnt.]
424 4003 482 4068 Non
503 3999 638 4064 equidem,
656 3997 680 4047 si
697 3993 759 4048 vere
784 3999 906 4062 oppidani
925 4001 1072 4050 rebellandi
1084 4002 1247 4052 occasionem
1261 4015 1312 4050 non
1323 4001 1374 4052 ha-

180 4067 322 4137 transfuga:
334 4069 446 4123 fuerint;
464 4067 528 4131 quia
539 4067 616 4116 abiis
628 4061 702 4116 certo
716 4079 762 4128 pu·
785 4065 885 4125 berent,
900 4067 925 4115 in
934 4065 988 4116 lide
997 4068 1179 4131 perstiterunt.

179 4138 287 4186 iniuntur
304 4151 371 4202 quos
389 4134 570 4194 deseruerunt,
582 4134 606 4182 si
625 4133 651 4183 in
669 4147 761 4180 manus
816 4132 952 4198 inopere]
975 4135 1043 4184 Gall.
1060 4134 1218 4194 diceremus,
1234 4135 1293 4190 Elle
1309 4137 1374 4182 croit

180 4203 309 4264 venerint,
319 4203 425 4254 interim
437 4195 516 4249 caute
528 4215 589 4250 curn
606 4200 647 4250 his
660 4213 762 4248 versun·
782 4203 837 4262 plus
847 4200 917 4262 sorte
931 4211 982 4266 ραν
994 4205 1027 4250 les
1044 4212 1156 4252 nonnus
1174 4202 1246 4266 qn’rn
1262 4219 1280 4266 y
1298 4206 1371 4262 avoir

180 4267 253 4318 dum·
777 4267 853 4329 faits,
867 4285 913 4331 que
919 4277 970 4334 par
982 4285 1025 4320 ron
1036 4273 1144 4323 ossiette.

214 4334 228 4388 1
237 4336 283 4384 Ea
293 4334 405 4403 itinere]
426 4333 496 4386 Gall.
507 4333 667 4398 diceremus,
684 4331 763 4396 Qu’on

499 4429 507 4466 1
