3034 5060
191 273 253 332 aaa
470 349 474 357 Ι
517 294 523 304 ·
637 262 889 332 sacrosan

192 459 260 523 quae
274 437 374 502 daeteri
391 437 532 500 miserias
546 451 669 512 vocant,
683 437 834 520 voluptati
847 436 1018 500 habuisset.
1055 436 1154 502 ²Nisi
1169 449 1275 502 tamen
1290 459 1374 524 resp.

191 528 317 610 pariter,
326 547 372 600 ac,
381 524 551 586 sevissimo
563 523 706 606 imperio,
719 521 796 584 bene
807 539 899 604 atque
909 520 1024 586 decore
1040 539 1136 606 genta.
1161 525 1267 606 Igitur
1282 545 1376 608 quar·

128 617 132 624 '
189 625 225 674 to
240 613 374 691 denique
386 611 450 685 die,
462 609 544 670 baud
557 605 649 691 longi
661 609 700 670 ab
711 611 829 690 oppido
841 607 939 684 Cirti,
952 609 1045 672 simul
1059 609 1201 690 undique
1214 607 1378 694 ''apecula-

190 711 275 772 toree
290 696 344 766 citi
358 717 426 756 aeae
440 696 627 768 ostendunt,
643 698 704 776 qua
719 715 753 756 re
769 695 867 758 bostis
882 695 992 756 adesse
1008 695 1202 776 intelligiturt
1225 695 1290 760 Sed
1297 695 1380 778 quia

173 783 309 846 ‘diversi
325 781 509 854 redeuntea,
524 781 603 841 alius
625 781 664 842 ab
685 779 743 841 alii
765 796 863 861 parte,
878 793 971 860 atque
989 801 1097 842 omues
1117 781 1203 844 idem
1218 782 1380 864 significa·

143 927 147 934 ,
189 871 284 940 banea
306 867 424 941 consul,
439 865 574 927 incertae
589 886 725 946 quonam
746 867 842 928 modo
857 865 957 926 aciem
973 866 1151 944 instrueret,
1164 868 1250 930 nullo
1265 869 1379 935 ordine

139 4199 157 4244 1

191 967 394 1026 commutato,
409 951 575 1014 adversum
592 951 697 1013 omnia
713 965 837 1034 paratus
852 949 971 1014 ibidem
984 951 1157 1034 opperitur.
1201 953 1305 1034 lgitur
1319 953 1379 1032 Ju-

191 1039 337 1122 gurtbam
353 1057 423 1117 apes
437 1034 595 1108 frustrata,
610 1037 664 1117 qui
680 1037 785 1118 copiae
799 1035 831 1097 in
843 1051 978 1118 quanm
988 1051 1090 1119 partes
1104 1037 1315 1112 distribuerat,
1327 1059 1379 1102 ra·

190 1141 243 1186 tus
260 1144 301 1185 ex
322 1121 466 1184 omnibus
489 1117 597 1203 caque
621 1121 753 1184 alioaab
772 1137 868 1202 tergo
883 1121 1024 1184 hostibus
1039 1135 1196 1188 venturos.
1243 1123 1380 1192 Interim

192 1209 289 1282 Sulla,
305 1228 399 1291 quem
421 1207 558 1290 primum
580 1207 686 1269 hostes
708 1206 885 1288 attigerant,
899 1206 1077 1270 cohortatus
1099 1231 1186 1283 euos,
1201 1205 1381 1286 turmatim,

117 1293 121 1303 “
190 1312 225 1357 et
248 1292 341 1376 quim
367 1289 506 1354 maxime
530 1291 678 1355 confertio
701 1293 803 1374 equis,
820 1292 887 1373 ipae
906 1292 1022 1374 aliique
1050 1293 1182 1358 lllauroa
1203 1295 1375 1358 invadunt:

191 1381 294 1444 ceteri
311 1379 342 1440 in
357 1379 426 1440 loco
442 1391 613 1450 manentes,
628 1377 667 1438 ab
684 1377 799 1460 jaculis
817 1377 941 1441 eminus
955 1377 1078 1440 emissis
1097 1399 1227 1462 corpora
1245 1395 1352 1464 tegere
1367 1405 1379 1454 ς

100 1473 111 1498 ⁹
191 1481 223 1532 et
245 1467 295 1528 1εἰ
314 1465 420 1546 quiin
439 1483 548 1524 manus
564 1477 722 1536 venerant,
736 1464 931 1528 obtruncare.
977 1463 1065 1526 Dum
1085 1485 1124 1526 eo
1143 1467 1240 1529 modo
1254 1466 1380 1547 equites

189 1552 379 1634 preliantur,
395 1547 540 1610 Bocchus
559 1567 631 1609 cum
650 1548 818 1628 peditibua,
834 1569 912 1628 quos
929 1549 1038 1612 Volux
1054 1549 1133 1613 lilius
1148 1551 1217 1635 ejus
1231 1553 1380 1614 adduxe·

190 1652 250 1711 rat,
261 1655 362 1714 neque
377 1633 410 1694 in
425 1633 528 1703 priore
543 1633 658 1715 pugni,
672 1631 726 1693 ‘in
741 1633 852 1694 itinere
865 1635 989 1710 morati,
1000 1632 1170 1712 adfuerant,
1181 1653 1378 1719 postremam

190 1721 407 1786 Romanorum
430 1718 529 1780 aciem
552 1717 714 1780 invadunt.
757 1717 844 1778 Tum
866 1717 993 1782 Mariua
1016 1721 1099 1802 apud
1117 1723 1235 1803 primos
1250 1722 1381 1804 agebat,

188 1805 279 1889 qudd
306 1804 348 1864 ibi
372 1803 528 1886 Iugurtha
555 1823 629 1866 cum
652 1802 795 1885 plurimis
817 1819 895 1866 erat.
941 1804 1026 1868 Dein
1046 1802 1227 1884 “Numida
1250 1795 1380 1889 cognito

191 1874 310 1954 Bo'cclri
326 1891 474 1964 adventu,
489 1890 568 1950 clam
584 1909 657 1952 cum
673 1890 780 1971 paucis
795 1892 857 1950 eael
874 1890 996 1972 pedites
1010 1891 1184 1966 convertit;
1201 1892 1244 1954 ibi
1261 1891 1377 1958 Latine

191 1977 280 2064 (nam
301 1977 386 2058 apud
410 1974 617 2036 Numantiam
638 1974 725 2056 loqui
747 1973 917 2057 didicerat)
940 1977 1104 2055 exclamat,
1118 1995 1242 2042 nostros
1261 1977 1378 2042 frustra

189 2083 349 2146 pugnam
366 2057 460 2142 panib
474 2058 545 2121 anie
563 2059 707 2122 Marium
719 2063 774 2121 sui
786 2081 879 2122 manu
893 2060 1112 2137 interfectum
1127 2064 1224 2126 simul
1234 2063 1375 2144 gladium

189 2148 341 2230 sanguine
363 2147 495 2208 oblitum
517 2147 692 2220 ostendere,
710 2165 805 2226 quem
828 2146 858 2206 in
881 2149 995 2230 pugni,
1014 2143 1090 2212 satis
1113 2149 1248 2233 impigre
1270 2149 1376 2214 occiso

189 2234 295 2314 pedite
305 2246 427 2302 nostro,
443 2245 669 2292 cruentaverat.
692 2225 789 2304 Quod
807 2231 860 2294 ubi
876 2233 990 2295 milites
1005 2235 1167 2317 accepere,
1181 2235 1282 2318 magia
1294 2249 1378 2298 atro·

189 2318 282 2380 citato
298 2317 356 2389 rei,
371 2315 465 2396 quim
480 2315 540 2378 fide
554 2316 856 2391 nuncii,terrentur;
872 2318 1029 2402 simulque
1044 2320 1166 2382 barbari
1182 2321 1303 2383 animoa
1318 2321 1378 2383 tol-

188 2404 266 2476 lere,
281 2417 311 2462 et
332 2401 362 2462 in
384 2401 541 2484 perculsos
562 2399 722 2466 Romanoa
737 2401 842 2466 acrius
860 2405 1018 2468 incedere.
1048 2406 1195 2488 'Jamque
1211 2403 1378 2489 pauldmd

186 2487 266 2570 fuga
280 2488 395 2562 aberat,
410 2485 484 2550 ciam
501 2486 597 2562 Sulla,
612 2488 783 2570 profligatis
798 2489 848 2567 iis,
859 2511 938 2572 quoa
953 2493 1120 2570 adversum
1138 2491 1226 2570 ierat,
1239 2493 1378 2570 rediens,

184 2576 229 2636 ab
245 2577 339 2635 latere
355 2573 482 2634 Mauris
504 2573 642 2638 incurrit.
695 2574 843 2636 Bncchua
860 2576 965 2638 statim
987 2577 1148 2642 avertitur.
1194 2577 1242 2642 At
1252 2577 1378 2661 Jugur·

189 2659 254 2734 tha,
267 2659 346 2723 dum
362 2674 533 2720 sustentare
551 2679 637 2734 auos,
652 2675 683 2718 et
697 2660 792 2742 prope
812 2660 881 2742 jam
897 2663 1040 2744 adeptam
1058 2662 1222 2732 victoriam
1238 2666 1375 2727 retinere

190 2745 286 2824 eupit,
306 2743 536 2806 circumventus
558 2745 597 2804 ab
619 2745 777 2826 equitibus
796 2748 1065 2822 dominicium,
1085 2749 1232 2814 omnibus
1253 2751 1379 2827 occisis,

189 2831 275 2889 solus
291 2826 371 2888 inter
385 2828 449 2888 tela
462 2827 600 2890 boatium
614 2825 801 2894 vitabundus
823 2833 971 2914 erumpit.
1015 2833 1126 2914 Atque
1149 2834 1274 2896 interim
1299 2835 1375 2898 Ma·

191 2912 269 2992 rina,
283 2909 419 2994 ‘sugatis
434 2913 603 2994 equitibus,
619 2918 752 2978 accurrit
766 2918 884 2980 auxilio
899 2919 976 2998 auis,
990 2939 1069 3002 quoa
1084 2919 1157 3003 pelli
1166 2915 1236 3004 jam
1247 2941 1376 3006 accepe-

633 3085 931 3140 turunrnurffln

231 3213 243 3246 ¹
261 3210 303 3271 Et
318 3212 347 3270 ei
361 3211 414 3294 qui
428 3211 545 3273 'Mauri
563 3214 595 3274 in
612 3209 769 3276 Romano·
786 3240 795 3250 *
836 3216 848 3251 2
864 3216 970 3301 Neque
985 3217 1133 3301 inpriore
1141 3221 1254 3304 pagani
1269 3219 1378 3306 adsue·

189 3317 260 3360 rum
275 3304 557 3373 monuo'veneront,
571 3320 624 3360 eos
647 3298 770 3362 obtron-
795 3304 970 3386 rant‚quod
978 3304 1010 3366 io
1022 3303 1134 3367 ilinc!
1143 3306 1254 3369 maroti
1264 3319 1378 3370 cenent.

191 3383 321 3446 eadent.'

723 3515 839 3566 NOTAE.

222 3637 237 3667 a
248 3619 333 3684 alliot]
351 3623 470 3672 Positum
484 3629 525 3675 est
535 3637 585 3688 pro
597 3627 655 3682 aed,·
671 3632 721 3674 aut
730 3641 769 3672 ve-
823 3624 986 3690 aminaea]
999 3631 1135 3694 Iugurtha,
1147 3629 1332 3694 proculdubio,
1344 3638 1379 3682 ut

188 3684 251 3743 riori,
270 3700 298 3735 ut
318 3686 386 3751 sepe
406 3691 480 3740 alibi.
522 3692 590 3740 Gall.
612 3695 768 3742 diceremus.
791 3697 886 3742 mirum
896 3695 1014 3748 videatur
1024 3697 1074 3746 boc
1083 3697 1109 3746 in
1119 3698 1179 3748 loco
1187 3698 1293 3750 haesisse
1303 3700 1379 3750 viros

187 3753 259 3803 ἅντε
270 3764 320 3802 torn
333 3758 393 3813 celo,
406 3765 458 3805 aut
481 3759 543 3815 Quoi
555 3759 616 3819 ort't'l
626 3773 655 3806 en
666 3769 718 3806 aott,
790 3760 891 3810 doctos.

221 3820 237 3870 b
251 3819 442 3885 Speculatores]
456 3823 585 3888 Perlugaa
594 3823 677 3873 luisse
689 3820 768 3888 cupri
822 3842 838 3876 e
850 3829 894 3876 oo
901 3825 1020 3892 peden]
1038 3830 1167 3880 &manos
1180 3829 1282 3881 scilicet
1291 3839 1379 3896 atque

186 3883 267 3936 dixit.
789 3909 835 3941 eos
846 3895 960 3944 arbitror
972 3902 1063 3946 contra
1072 3913 1139 3963 quos
1145 3899 1265 3948 Bocchus
1273 3913 1368 3962 pugna

221 3967 238 4001 o
256 3949 362 4015 AEpoe'J
383 3951 413 4002 ld
434 3961 486 4016 eal,
503 3956 720 4008 Indiaera'mirmtim
736 3974 769 4012 ex
790 3959 844 4017 bat,
856 3961 902 4024 qui
915 3961 940 4008 in
953 3967 1089 4025 postrema
1099 3965 1155 4014 acie
1166 3965 1248 4018 locati
1258 3965 1368 4016 ruerant

187 4019 346 4088 qaurbnplioi
358 4021 456 4082 agmine
466 4025 568 4072 ulterram
580 4022 597 4074 d
610 4035 679 4086 tergo
691 4027 769 4072 hoster
789 4027 861 4090 quod
874 4027 980 4090 patebat
993 4031 1148 4091 attendenti.
1213 4079 1216 4086 ,

186 4083 408 4144 ianuamianuaim
425 4097 504 4135 tomen
520 4094 625 4138 necaret
641 4092 767 4151 Jugrertlin
822 4091 836 4142 f
839 4095 965 4158 Pagone]
979 4095 1119 4148 liosfuisse
1130 4097 1251 4159 arbitror,
1259 4097 1301 4160 oui
1308 4111 1379 4167 ¹,cum

187 4155 282 4202 cuinam
293 4157 362 4200 ntied
369 4154 512 4215 obtingeret.
529 4155 597 4205 Gall.
613 4157 705 4214 erelea
713 4173 766 4216 una,
788 4160 802 4207 J
806 4163 922 4224 ugurtha
935 4162 1048 4223 l'uerant,
1060 4161 1186 4230 aquibus
1200 4181 1229 4216 se
1241 4167 1301 4228 ipae
1313 4166 1380 4215 aub-

186 4235 216 4266 ou
242 4221 275 4265 lei
306 4231 390 4268 ‹terti-ea
415 4219 599 4282 irrrliffioement,
627 4229 767 4284 pervenient
788 4224 908 4288 duxerat,
921 4238 952 4276 ut
969 4238 1158 4298 stratagemate
1177 4227 1305 4286 adverada
1325 4235 1380 4284 llo·

181 4289 329 4346 protodoctor
343 4304 419 4349 poene
431 4285 531 4336 ἰίινηιέε
543 4294 585 4338 dea
596 4289 721 4340 Romctt'rta.
789 4307 877 4357 rnnnqs
887 4291 992 4359 pedites
1006 4305 1136 4352 unietur.
