3034 5060
686 17 717 66 ι
817 23 822 31 ·
888 20 893 34 t

163 286 224 344 ma
288 357 292 365 ⁸
542 319 547 328 .
594 273 882 347 ‚isaccusrn

162 449 406 536 erat,'elephanti
422 469 499 530 xxx,
509 469 617 534 pecus,
631 464 725 534 atque
741 451 815 534 equi
831 447 935 530 multi,
949 442 1022 514 otim
1035 469 1098 514 non
1114 433 1215 534 parve
1228 449 1353 532 argenti

162 540 312 622 pondere,
332 539 477 620 quaestori
498 539 677 600 traduntun
721 536 911 620 Calpurnius
930 535 1065 612 Romam
1088 537 1128 598 ad
1149 537 1357 620 magistratus

163 619 342 707 arogandos
356 623 576 708 proficiscitur.
621 623 659 686 ln
679 623 883 686 Numidiitet
897 623 1038 710 exercitu
1053 636 1160 684 nostro
1176 645 1239 706 pax
1256 623 1358 704 agita·

162 711 265 774 batur.
311 709 484 791 Postquam
504 729 555 782 res
575 709 608 772 io
624 707 738 772 Africa
760 689 876 792 gtiitas,
889 729 1014 791 quoque
1034 709 1133 770 modo
1148 725 1223 772 actae
1240 705 1357 786 forent,
1414 741 1416 748 ·

162 795 248 858 fama
261 795 457 880 divulgavit;
473 793 583 858 Romae
594 799 651 877 pe‘r
665 815 774 858 omues
789 795 886 870 locos,
899 809 932 858 st
943 791 1114 858 conventus
1130 795 1171 858 de
1183 793 1269 858 lacto
1282 815 1357 856 con-

163 881 243 944 sulis
267 880 390 963 agitari.
435 882 541 964 Apud
552 881 676 966 plebem
697 881 802 964 gravis
817 879 957 944 invidia:
980 895 1084 964 patres
1107 881 1222 943 soliciti
1244 893 1358 955 erant3

159 969 367 1055 probarentne
383 981 503 1030 tantum
519 967 688 1050 flagitium,
702 989 742 1029 an
763 965 953 1030 bdecretum
973 966 1109 1028 consulis
1125 967 1356 1043 subverterent,

162 1073 276 1137 parum
293 1055 463 1116 constabat.
488 1053 541 1116 Ac
557 1050 698 1116 maxime
719 1073 773 1116 eos
788 1053 928 1136 potentia
942 1051 1189 1134 Scauri,'¹qudd
1204 1051 1232 1114 is
1248 1067 1361 1118 auctor
1388 1048 1390 1058 '

163 1153 198 1202 et
208 1139 312 1201 socius
325 1139 440 1220 Bestiae
450 1139 620 1215 ferebatur,
631 1135 650 1199 i
660 1159 736 1202 vero
747 1139 891 1220 bonoque
904 1131 1105 1221 impediebat2
1130 1137 1179 1201 At
1195 1139 1234 1202 C.
1245 1138 1357 1200 Mem·

144 1224 260 1302 -mius,
275 1224 421 1308 cujus-de
441 1226 584 1288 libertate
602 1225 732 1308 ingenii,
744 1237 777 1286 et
797 1226 872 1287 odio
894 1224 1044 1308 potentiae.
1062 1224 1245 1300 nobilitatis,
1261 1221 1360 1305 supra

165 1310 325 1384 diximum
343 1311 424 1378 inter
438 1311 666 1376 dubitationem
683 1326 715 1374 et
760 1331 830 1373 oras
840 1313 977 1385 senariis,
989 1310 1193 1373 concionibus
1204 1311 1357 1394 populum

115 1465 130 1502 υ
164 1395 207 1458 ad
220 1397 447 1460 vindicandum
456 1397 599 1460 hortari:
622 1417 715 1459 moue
734 1419 763 1474 e,
777 1417 816 1459 ne
830 1415 930 1479 remp·
942 1417 982 1458 ne
998 1397 1175 1458 libertatem
1191 1397 1283 1460 suam
1299 1397 1357 1460 de-

147 1494 325 1544 'sererentt
353 1483 453 1546 multa
477 1484 621 1566 superba,
647 1483 789 1546 crudelia
812 1481 950 1546 facinora
971 1482 1141 1548 nobilitatis
1169 1481 1360 1558 ostendere3

161 1589 292 1651 prorsus
309 1568 445 1631 intentus
461 1570 547 1630 omni
563 1568 774 1648 modo-plebis
790 1568 931 1630 animum
946 1569 1149 1630 accendebat.
1193 1566 1259 1630 Sed
1277 1589 1361 1652 quo·

161 1654 250 1714 niam
266 1655 302 1714 ei
317 1668 501 1736 tempestate
522 1653 631 1716 Romae
653 1651 805 1716 Memmii
822 1649 970 1718 facundia
987 1653 1069 1716 clara
1085 1655 1265 1737 pollensque
1283 1653 1362 1732 l'uit,

165 1737 280 1801 decere
305 1740 484 1802 existimavi
513 1755 620 1816 unam,
640 1759 683 1802 ex
711 1753 776 1802 tam
806 1739 926 1816 multis,
946 1741 1121 1804 orationem
1143 1740 1338 1823 perscribere
1350 1765 1361 1815 3

164 1845 202 1886 ac
218 1823 419 1908 potissimum
435 1846 473 1890 ea
488 1827 604 1903 dicam,
615 1845 684 1908 quae
699 1824 738 1888 in
747 1826 908 1905 concione,
922 1840 993 1908 post
1006 1825 1146 1889 reditum
1161 1827 1288 1907 Bestiae,
1300 1826 1361 1890 hu·

162 1910 343 1996 juscemodi
359 1911 463 1976 verbis
477 1911 637 1977 disseruit.
658 1931 659 1936 ’
1150 1963 1152 1968 -

211 2001 231 2034 “
249 1995 356 2060 Multa
377 2019 428 2060 me
451 1998 657 2061 dehortantur
678 1995 816 2076 duobis,
836 1997 992 2075 Quirites,
1010 2019 1050 2060 ne
1073 1999 1217 2063 studium
1237 2001 1361 2085 reipub.

128 2147 133 2153 ,
166 2081 189 2119 “
203 2083 310 2146 omnia
332 2098 477 2166 superet:
504 2105 580 2168 opes
602 2081 759 2163 factionis,
780 2100 885 2148 vestra
905 2085 1066 2169 patientia,
1083 2085 1148 2168 jus·
1162 2085 1299 2160 nullum;
1320 2109 1362 2150 ac

122 2235 126 2252 Κ
166 2170 189 2206 “
206 2164 359 2244 maxime,
374 2170 461 2250 quod
474 2169 681 2233 ²innocentiae
696 2171 766 2252 plus
781 2172 926 2253 periculi,
939 2168 1032 2252 quim
1049 2171 1177 2234 honoris
1191 2188 1249 2236 est.
1273 2173 1364 2236 Nam

168 2257 194 2328 “.
207 2253 259 2316 illa
272 2255 404 2336 quidem
420 2254 507 2338 piget
521 2255 640 2333 dicere,
654 2265 667 2296 ⁶
679 2255 729 2320 his
740 2256 829 2320 annis
840 2277 893 2320 xv.
906 2253 1001 2340 quim
1016 2257 1156 2320 ludibrio
1172 2257 1296 2322 fueritis
1310 2281 1365 2324 su·

167 2341 190 2376 ‘⁴
205 2339 318 2418 perbiae
340 2359 532 2422 paucorum
555 2337 651 2424 quim
673 2337 767 2420 fode,
791 2341 950 2426 quamque
964 2342 1067 2416 ‚inulti
1093 2345 1244 2430 perierint
1259 2329 1364 2409 'iestri

168 2427 189 2460 “
203 2421 434 2505 ffdefensores3
450 2423 498 2492 uti
513 2428 604 2520 vobis
619 2425 743 2494 animus
759 2429 797 2492 ab
813 2429 947 2512 ignavia,
962 2443 1056 2512 atque
1070 2431 1215 2495 socordia
1231 2451 1362 2518 corrup-

611 2601 916 2654 INTERPRETATIO.

179 2741 182 2750 ¹
211 2755 225 2792 ¹
242 2751 329 2840 Quia
344 2755 371 2816 is
386 2756 559 2833 discebat&
570 2777 635 2822 esse
647 2769 754 2822 auctor
772 2757 945 2842 pedimemto
960 2759 1061 2844 major
1077 2771 1172 2822 esset.-
1187 2759 1368 2844 apesfocta'·

170 2839 282 2922 flagitii
301 2843 444 2906 atrocius
460 2841 585 2921 Bestiae,
600 2846 633 2908 in
646 2867 685 2910 eo
700 2845 753 2907 ad·
778 2845 856 2921 onis,
867 2858 971 2908 uestro
980 2845 1283 2934 potientio,justitioe
1292 2865 1367 2908 con-

163 2925 336 2988 'mitteudm
569 2987 573 2999 ,
778 2943 909 3014 temptas
924 2951 974 2993 me
987 2933 1169 3008 deterreret,
1180 2953 1216 2992 oc
1227 2944 1367 3014 proeser·
1438 2939 1443 2948 “
1505 2975 1507 3000 .

212 3013 226 3047 ²
241 3011 346 3075 Multo
367 3036 414 3078 me
427 3017 616 3082 deterrerent
636 3016 656 3079 ἀ
673 3017 757 3080 vobis
779 3019 833 3078 tim
848 3014 1009 3102 quidplus
1019 3019 1154 3101 periculi
1169 3017 1368 3079 redundatio
1504 3001 1507 3056 ⁴

155 3095 391 3176 defendendis,
413 3101 566 3188 Quirites,
582 3105 644 3166 misi
665 3101 757 3192 offec-
779 3103 910 3169 honoret
922 3105 1074 3183 honestos,
1087 3101 1180 3190 quom
1195 3103 1334 3166 honoris.
1499 3075 1507 3148 i

171 3192 222 3244 tus
233 3188 360 3248 maisin
374 3190 590 3276 rempublicam
605 3191 686 3255 omni
702 3189 757 3251 im·
806 3223 809 3230 ·
1092 3249 1094 3253 .
1122 3273 1123 3280 ἵ
1501 3203 1507 3300 l

650 3367 662 3391 ·
713 3346 828 3416 uotis.
856 3362 859 3369 ·

202 3485 220 3521 a
231 3471 388 3536 liugandau]
399 3471 533 3538 Quicquid
544 3472 588 3525 alii
596 3473 696 3535 dicant,
704 3491 757 3526 om·
782 3477 872 3540 Rogm-
883 3491 917 3526 on
930 3473 1052 3526 antistitis
1060 3477 1172 3540 placeret
1183 3473 1251 3538 qudd
1259 3489 1311 3524 eum
1323 3475 1371 3524 m:

170 3537 232 3587 nino
242 3538 353 3589 arbitror
362 3540 400 3592 ita
409 3541 611 3607 intelligendum
619 3559 678 3594 esse
687 3543 758 3594 hunc
777 3545 874 3606 gurthd
883 3543 1056 3608 accessorium

169 3603 268 3664 locum
277 3615 307 3654 ut
314 3609 585 3672 Calpurniusliomam
594 3611 758 3660 concesserit
814 3607 831 3658 b
841 3610 994 3672 Decretum]
1004 3613 1062 3666 Quo
1067 3609 1095 3658 in
1104 3607 1264 3659 deditionem
1272 3609 1289 3658 J
1290 3620 1372 3672 ugur-

169 3669 363 3748 ad'rogandum
376 3677 503 3740 populum
516 3676 550 3724 de
560 3676 717 3727 consulibus
729 3683 758 3727 et
781 3676 861 3732 tham,
874 3678 959 3726 certis
970 3675 1179 3736 conditionibus,
1189 3684 1336 3738 acceperat.

146 3745 150 3750 ·
169 3737 232 3786 alus
243 3738 452 3802 magistratibus,
463 3743 490 3792 in
501 3756 595 3793 annum
605 3743 756 3808 proximum
813 3741 905 3806 effla]
917 3743 1029 3804 Quibus,
1039 3749 1100 3808 post
1113 3742 1293 3792 Gracchorum
1302 3754 1374 3792 mor·

168 3803 292 3856 creaadts
302 3825 308 3852 :
320 3809 427 3857 Mortuo
435 3810 504 3860 enim
513 3810 634 3874 Scipione
643 3809 757 3875 collega,
781 3817 844 3869 tem,
857 3809 982 3861 nobilitas
997 3815 1022 3860 in
1035 3809 1140 3874 plebem
1154 3809 1281 3860 saevierat.
1316 3809 1380 3857 Cat·-

169 3871 442 3950 nisiipseadfnisqet,
455 3876 614 3942 interregem
625 3882 656 3926 eu
669 3877 757 3942 gratia
781 3874 867 3926 terrim
886 3875 1017 3928 dTiberii
1030 3875 1144 3928 Gracchi
1163 3875 1238 3926 obitu
1257 3875 1292 3924 ad
1309 3874 1373 3924 Gal-

153 3951 154 3956 *
169 3951 255 3988 crearr
265 3941 455 4004 ‘oportuisseta
472 3957 533 3992 curn
552 3955 634 4004 neque
652 3950 757 4008 praetor,
779 3945 867 4008 pur-nii
879 3945 1045 3996 consulatum
1058 3943 1201 3995 vicesimus
1216 3941 1315 3992 tertius
1327 3955 1374 3989 an·

170 4019 257 4072 neque
263 4005 756 4075 aliusmagistratusjusilludhaberet.
780 4027 828 4060 nus
840 4008 1016 4069 decurrebat;
1029 4011 1101 4066 unde
1113 4007 1265 4069 concludas,
1279 4008 1322 4058 vel
1333 4005 1373 4056 lo·

97 4087 101 4098 ¹
170 4074 266 4123 Fateor
275 4074 409 4140 equidem,
417 4075 575 4127 utinvidiam
587 4078 726 4139 minueret,
734 4080 756 4130 si
779 4093 840 4131 cum
854 4085 1018 4143 corruptum,
1028 4079 1071 4128 vel
1081 4091 1209 4127 annorum
1220 4074 1374 4140 supputati·

170 4137 226 4206 qud
243 4140 269 4189 in
289 4157 317 4192 se
335 4143 468 4192 concitata
485 4152 566 4203 esset,
578 4142 755 4209 'Calpurnium
779 4161 858 4206 onem
866 4145 1003 4206 subtilem,
1014 4151 1043 4197 et
1055 4143 1207 4194 accuratam
1219 4156 1270 4195 non
1284 4155 1353 4192 esse·

171 4205 276 4256 mature
291 4207 317 4258 in
333 4203 425 4260 urbem
443 4213 623 4269 concessisset
641 4211 755 4262 etenim
811 4214 831 4264 d
848 4213 1020 4284 Desmontes]
1042 4211 1139 4272 Quales
1162 4208 1288 4274 Gracchi,
1308 4205 1373 4274 Filiz

65 4329 68 4332 Ι
170 4272 285 4322 animum
310 4291 397 4328 meum
422 4275 548 4328 inducere
572 4293 685 4344 nequeo,
708 4293 755 4344 per
777 4280 843 4335 vius.
1125 4294 1131 4300 “
1314 4289 1322 4305 ‘

171 4349 262 4404 rogare
282 4349 445 4410 magistratus
461 4343 665 4414 inteuigmdun
684 4361 754 4410 etse,
784 4396 793 4422 ‚
