3028 5056
204 343 265 402 nr
330 292 335 304 ’
670 331 925 401 sasnusrn

201 514 294 593 ²quae
314 508 457 572 secunda
479 527 529 570 res
551 506 820 585 amant„lasci'via‚
837 520 931 590 atque
952 508 1106 592 superbia,
1122 496 1292 572 in'cessrire.
1335 501 1397 590 [μ’
1497 525 1498 554 ³

201 597 309 678 2qu0d
332 594 364 658 in
387 593 526 658 adversis
547 593 639 656 rebus
661 607 852 676 optaverant,
868 593 980 666 otium.
995 612 1157 676 postquam
1180 595 1286 680 adepti
1305 610 1388 671 sunt,

201 681 372 766 ²asperius‚
386 679 589 761 acerbiusque
602 677 676 740 tuit.
708 679 857 762 Namque
874 679 994 762 coeptire
1010 681 1172 744 ³nobilitas
1188 681 1389 762 dignitatem,

223 768 335 852 opulus
349 767 523 828 libertatem
538 767 571 826 in
585 761 778 828 '’lubidinem
792 780 915 828 vertere
929 789 938 838 ι
961 763 1019 828 sibi
1036 769 1165 847 quisque
1181 767 1310 842 ducere,
1326 777 1388 828 tra-

198 787 288 930 bere,
301 872 421 936 rapere.
466 850 516 912 Ita
530 849 636 912 omnia
651 849 683 912 in
705 851 803 914 cduas
818 865 922 934 partes
938 851 1090 913 abstracta
1104 865 1193 924 sunt3
1214 873 1299 932 resp.
1318 871 1390 932 quae

200 935 328 1001 dmedia
341 936 454 1014 fuerat,
468 935 646 998 dilacerata.
692 934 853 999 Cateritm
874 935 1019 998 nobilitas
1039 933 1172 998 factione
1193 934 1296 1020 magis
1320 938 1388 1020 pol·

199 1025 299 1088 lebat:
327 1022 426 1106 plebis
448 1021 498 1083 vis
519 1021 651 1097 ‘soluta
668 1036 763 1102 atque
784 1021 817 1084 in
839 1022 1075 1086 multitudinem
1101 1020 1249 1102 dispersa,
1278 1021 1391 1085 minus

201 1123 341 1193 poterat:
356 1127 526 1190 paucorum
542 1105 672 1170 arbitrio
686 1107 758 1168 belli
772 1109 923 1191 domique
935 1107 1071 1190 respubl.
1083 1105 1271 1188 agitabatur:
1288 1106 1391 1192 penes

198 1195 328 1258 eosdem
343 1192 498 1269 aerarium,
509 1191 687 1274 provincias,
700 1192 913 1276 magistratus,
927 1193 1044 1274 glorias,
1058 1192 1269 1274 triumphique
1284 1209 1390 1271 erant,

199 1279 334 1364 populus
350 1277 461 1342 militii
477 1292 569 1360 atque
586 1278 690 1361 inopia
705 1279 894 1361 urgebaturs
912 1279 1031 1362 praedas
1045 1277 1172 1339 bellicas
1188 1279 1391 1360 imperatores

199 1386 273 1429 cum
289 1365 397 1450 paucis
409 1363 608 1447 diripiebant.
654 1363 778 1427 Interea
793 1381 947 1446 parentes,
962 1369 1017 1428 aut
1032 1363 1121 1450 parvi
1136 1361 1227 1425 liberi
1243 1363 1391 1442 militum,
1406 1385 1409 1393 ·
1497 1401 1498 1408 κ

197 1448 247 1514 uti
263 1452 396 1534 quisque
419 1448 585 1532 potentiori
608 1449 738 1512 confinis
760 1466 838 1527 erat,
853 1451 981 1513 sedibus
995 1449 1199 1534 pellebantur.
1244 1448 1294 1511 lta
1311 1448 1386 1512 etim

198 1536 346 1622 potentia,
357 1535 485 1598 avaritia
496 1535 563 1596 sine
573 1535 669 1597 modo
677 1534 894 1618 modestiaque
903 1535 1064 1610 invadere,
1073 1533 1222 1616 polluere,
1230 1549 1260 1598 et
1268 1549 1388 1612 vastare

199 1621 322 1696 omnia3
344 1620 441 1683 ⁴nibil
453 1619 552 1704 pensi,
562 1641 664 1703 neque
679 1622 778 1683 sancti
793 1623 928 1693 habere;
949 1620 1054 1702 quoad
1069 1634 1171 1682 semet
1186 1621 1252 1709 ipsa
1265 1617 1388 1704 fpraeci-

197 1707 321 1793 pitavit.
364 1705 477 1769 8Nam
498 1704 553 1768 ubi
574 1704 716 1790 primum
737 1727 779 1770 ex
796 1706 956 1792 nobilitate
980 1706 1095 1790 reperti
1110 1722 1195 1786 suut,
1210 1707 1389 1790 quiveram

640 1835 941 1885 INTERPRETATIO.

240 1945 252 1984 ¹
273 1941 395 2023 Variam,
408 1943 461 2008 ubi
476 1943 526 2009 ille
542 1943 634 2014 timor
654 1965 694 2007 ex
714 1945 784 2008 ani·
809 1945 913 2008 bilitas
928 1957 1047 2008 uertere
1063 1945 1246 2030 dignitatem
1262 1942 1297 2008 in
1314 1947 1390 2009 lubi-

198 2032 784 2116 misqjectrtsmassiliae!eu,qttu.·prosu
807 2033 919 2094 dinem.
951 2031 1089 2114 Populus
1104 2029 1173 2094 ocri
1189 2033 1368 2095 libertatem.

194 2121 315 2205 peritas
336 2119 459 2200 gignit,
473 2111 601 2178 lascinia
620 2115 781 2194 nimirum,
848 2121 862 2156 ⁴
879 2119 929 2180 Ita
943 2117 1078 2180 avaritia
1095 2118 1287 2200 inexplebilis
1302 2131 1332 2180 et
1346 2119 1390 2204 es-

198 2216 290 2290 ntque
303 2203 448 2288 superbia
462 2202 641 2284 viguerunt.
798 2201 937 2288 frenata
952 2201 1068 2287 juncta
1084 2205 1239 2288 potentie,
1266 2206 1391 2282 inuasit,

239 2289 314 2356 ²Eo
329 2285 426 2363 modo,
440 2288 547 2362 otium,
560 2287 643 2373 quod
661 2299 782 2370 optaue—
800 2289 923 2373 polluit,
952 2301 982 2352 et
1010 2290 1145 2352 vastavit
1173 2291 1285 2367 omnia,
1313 2291 1394 2353 nihil

198 2386 271 2439 rant
279 2372 313 2436 in
325 2374 412 2436 rebus
424 2365 783 2460 adversis,suitgraoius
806 2375 937 2451 curavit,
949 2395 1045 2460 neque
1058 2385 1197 2437 sanetum
1212 2376 1329 2454 hubnit,
1340 2399 1389 2440 us·

199 2473 229 2524 et
243 2459 381 2545 acerbius
397 2471 561 2546 postquam
577 2459 679 2542 adepti
699 2473 781 2524 sant.
806 2482 864 2548 que
877 2461 947 2525 dum
957 2461 1118 2547 semetipsa
1127 2463 1357 2546 precipitavit.

241 2541 393 2626 {Etenim
410 2545 782 2631 ceperuntintersemo·
1124 2581 1127 2588 ·

740 2677 855 2728 NOTAE.

231 2773 398 2838 adopertus]
408 2772 545 2824 Sententia
554 2770 622 2824 satis
632 2762 783 2836 aperta'est.
804 2787 876 2826 mum
894 2774 1000 2826 haurire
1016 2781 1129 2840 possunt
1146 2774 1333 2828 documentum
1351 2792 1389 2830 re·
1455 2783 1458 2790 ’
1494 2809 1495 2816 κ

197 2839 287 2890 latitat
299 2847 397 2895 tamen.
408 2839 602 2904 quodammodo
617 2839 667 2888 sub
684 2839 735 2890 bac
747 2841 785 2890 lo·
804 2856 863 2892 rum
875 2842 1071 2902 moderator-ese
1083 2857 1144 2894 cum
1154 2845 1297 2908 prasertim
1311 2845 1387 2897 bodie

196 2907 319 2962 cotiones
333 2907 466 2955 nonenim
475 2905 783 2971 quodoptnmusotium,
804 2923 895 2975 regem
915 2909 1030 2971 rideant,
1051 2925 1132 2976 quem
1152 2925 1204 2960 uon
1227 2926 1269 2960 ma
1290 2908 1314 2962 *s
1336 2915 1388 2964 alia
1495 2971 1496 2978 χ

197 2969 289 3023 verum
301 2971 360 3038 ejus
374 2972 498 3036 privatio,
509 2972 577 3023 dura
587 2985 636 3024 est.
804 2977 885 3026 causa
894 2984 1034 3028 veneratur
1044 2975 1127 3038 orbis,
1138 2974 1218 3044 qulam
1232 2979 1307 3045 quod
1318 2981 1387 3032 solus

233 3038 429 3101 bsttds'mm]
453 3037 679 3105 Frequentissimd
698 3037 784 3090 utitur
804 3057 832 3092 re
886 3051 904 3092 t.

196 3105 230 3158 ea
247 3121 313 3158 voce
334 3106 484 3168 Sallustius,
500 3104 623 3172 adeoque
649 3103 700 3156 vim
723 3105 783 3172 ejus
833 3057 1053 3176 inssraeaptravaq
1065 3110 1213 3177 Aptissima
1225 3113 1387 3178 metaphora,

196 3189 263 3238 opus
275 3182 316 3222 est
328 3173 489 3238 perspicere.
514 3173 684 3224 Voluntatem
697 3181 783 3232 notat,
803 3169 1389 3243 namqudmodotandempropriamoles-nunt

196 3249 277 3306 prout
292 3239 377 3300 aliquo
390 3239 525 3291 desiderio
544 3248 591 3290 aut
607 3237 715 3300 affectu,
726 3239 781 3290 veri
803 3255 861 3306 quae
885 3243 910 3292 in
934 3243 1018 3296 altum
1041 3245 1120 3297 nimis
1144 3254 1322 3306 surrexerunt,
1349 3249 1389 3298 ita

196 3306 258 3355 boni
270 3319 319 3370 pro
328 3313 448 3370 tempore
462 3321 512 3357 non
530 3305 659 3358 aestimata
672 3305 783 3368 ratione,
804 3307 880 3373 plane
893 3326 944 3360 non
957 3313 1136 3378 avaritiaqnut
1147 3312 1265 3376 potentia
1275 3311 1388 3374 tantum,
1494 3351 1495 3360 ,

195 3373 335 3438 abripitur.
802 3375 851 3426 sed
862 3377 994 3430 evertitur
1006 3379 1035 3430 id
1046 3393 1122 3430 omne
1134 3379 1207 3446 quod
1218 3379 1329 3430 nimium
1339 3392 1387 3432 est.
1494 3403 1496 3446 l

229 3455 248 3490 o
257 3437 353 3504 Duos]
375 3438 445 3490 Hinc
457 3439 544 3506 plebe,
554 3439 628 3491 illine
639 3445 726 3492 stante
737 3456 782 3492 no·
802 3441 941 3510 Sapienter
957 3446 1046 3512 itqque
1059 3449 1185 3496 Horatius
1198 3447 1233 3496 ad
1250 3447 1386 3499 Licinium.

196 3507 310 3558 bilitste.
871 3512 1099 3573 Corttrnlrer‚oento
1111 3508 1211 3562 trintidm
1223 3516 1338 3576 tenendo,
1435 3568 1444 3585 ,

231 3571 376 3643 Medio]
390 3569 460 3624 Veri
470 3580 499 3624 et
509 3571 587 3624 acute
600 3587 661 3624 eum
674 3589 781 3638 expres·
1069 3582 1187 3644 Turgt'da
1197 3583 1262 3630 orla.

195 3639 234 3690 sit
252 3641 369 3699 modum,
387 3657 440 3707 quo
458 3641 615 3707 respublicae
635 3641 780 3692 intereunt:
834 3645 953 3710 mom]
966 3645 1105 3704 Quomodo
1119 3647 1224 3696 isthuc?
1237 3645 1330 3698 Virtus
1341 3647 1388 3698 its-

195 3706 293 3758 civitss
310 3708 380 3756 enim
397 3717 426 3759 et
444 3708 538 3758 bonum
556 3707 701 3774 poblicum,
717 3705 779 3758 edm
801 3723 853 3774 que
865 3710 994 3778 fugienda
1005 3721 1057 3774 est,
1069 3709 1131 3762 sirm
1145 3713 1237 3762 turbas
1249 3719 1278 3764 et
1290 3713 1389 3764 discor-

195 3777 222 3824 in
242 3787 372 3822 consensu
385 3781 416 3822 et
433 3775 529 3826 civium
549 3775 642 3824 ursione
658 3776 695 3823 sit
711 3775 781 3838 posi-
800 3775 858 3826 dias
871 3778 947 3830 oleat.
982 3776 1049 3840 nno,
1061 3781 1104 3842 qui
1123 3795 1181 3830 eam
1194 3787 1283 3830 amant
1298 3779 1389 3844 profli-

194 3849 262 3898 tum,
275 3853 326 3887 non
339 3838 416 3888 aliter
432 3840 511 3906 quam
523 3842 683 3911 leopratione
696 3849 725 3892 et
740 3841 781 3892 di·
798 3843 881 3908 gandi
891 3855 919 3895 et
929 3845 1068 3909 perdendi,
1078 3846 1101 3897 si
1113 3847 1146 3896 iis
1154 3847 1280 3897 credatur
1289 3847 1389 3910 prado·

193 3907 296 3960 visione
308 3907 393 3968 perire
406 3917 501 3970 potest.
800 3908 887 3966 nibus.
895 3914 943 3977 qui
952 3911 1002 3963 sub
1011 3910 1071 3978 ejus
1080 3914 1163 3974 larva,
1171 3929 1219 3978 per
1229 3911 1349 3964 fraudem
1358 3924 1389 3964 et
1494 3937 1496 3960 r

227 3991 243 4024 e
257 3971 361 4036 Soluto]
374 3974 512 4026 Quomodo
521 3971 658 4044 frangatur
669 3973 708 4023 vis
721 3990 779 4040 quae
800 3978 888 4029 scelus
901 3979 1054 4044 reipublicae
1063 3979 1241 4048 gubernacula
1253 3979 1389 4045 surripue-

193 4041 219 4092 in
231 4039 428 4090 multitudinem
439 4040 620 4104 dispensem,
632 4045 778 4108 praesertim
799 4055 869 4104 runt,
904 4048 941 4098 At
952 4043 1015 4097 verd
1032 4062 1080 4113 per
1097 4045 1229 4106 accidens,
1246 4053 1277 4096 et
1294 4062 1387 4099 eorum

193 4105 255 4160 cunt
268 4121 303 4156 ex
314 4105 437 4171 opinione
453 4103 588 4158 hominum
600 4125 659 4175 quse
671 4117 724 4159 tarn
736 4127 779 4160 va·
799 4111 960 4174 predonum,
976 4129 1027 4164 non
1046 4112 1155 4164 virtutis
1169 4112 1246 4172 vitio,
1264 4111 1386 4165 civitates

192 4177 232 4226 ria
249 4171 460 4240 est,-dependet,
476 4172 565 4223 nullus
584 4183 627 4225 est
643 4190 722 4240 quem
739 4177 777 4226 la-
797 4177 1385 4247 commorenturmequevitandaeoll'ensionis

114 4268 115 4271 =
192 4253 261 4298 teat;
275 4239 401 4306 nequead
414 4244 492 4288 causa
504 4249 602 4291 natura
614 4248 777 4297 scrutatores
797 4246 889 4305 carisa,
905 4245 993 4296 minus
1011 4245 1061 4309 illi,
1081 4262 1231 4316 quanquam
1248 4245 1339 4309 osutd,
1357 4256 1386 4298 ut
1493 4259 1494 4264 ’

130 4363 132 4368 ,
192 4307 264 4358 adire
275 4323 341 4370 opus
351 4305 457 4372 est,qui
467 4321 514 4355 nos
525 4307 576 4356 vim
588 4307 688 4360 unitam
697 4309 778 4376 majo·
798 4311 845 4376 qui
868 4311 1043 4365 callidissime
1065 4313 1221 4368 hominibus
1241 4315 1385 4381 imponunt,

192 4387 248 4426 rem
266 4387 323 4424 esse
344 4373 465 4428 doceant.
499 4370 599 4426 verum
616 4375 678 4428 hino
695 4378 776 4432 maxi·
798 4377 831 4432 tle
844 4374 1020 4438 seuedebent
1032 4379 1177 4436 deturbari.

175 4751 274 4889 tie
