3070 5034
589 275 659 340 AD
683 275 960 343 LECTOREM.

169 448 390 544 peculiarem
408 449 580 520 sermonis
598 447 890 538 declarationem,
909 473 953 520 ea
969 473 1049 520 eum
1066 449 1227 522 ulteriori
1250 473 1366 526 rernm

171 549 395 618 enarratione
413 549 607 619 commixta
622 546 803 618 invenies:
823 543 976 640 Exque
994 548 1117 636 oritur,
1131 554 1184 637 ut,
1203 573 1284 620 enm
1301 549 1366 622 ali-

170 669 278 739 quam
304 669 349 716 ex
376 645 431 715 his
457 647 551 716 notis
576 645 755 738 inspicere
776 644 881 733 velis,
902 669 974 715 non
999 669 1043 716 ea
1066 645 1166 740 prius
1192 651 1367 738 occurrat,

170 766 278 837 quam
294 743 332 814 in
346 742 441 830 aliis,
453 751 576 814 eontra
588 742 698 812 animi
711 741 761 814 tui
778 742 1009 832 desiderium,
1020 749 1160 838 tempus
1177 769 1366 840 cousump=

170 841 273 912 seris.
307 837 370 911 Ne
388 841 476 934 quid
493 839 669 934 ejusmodi
687 839 857 928 eveniret,
875 841 1020 934 egregie
1037 842 1195 935 providit
1211 843 1267 914 vir
1283 867 1366 938 pru-

168 939 413 1010 dentissimus.
462 936 633 1031 Namque
658 937 1096 1032 interpretationemque
1120 941 1308 1012 advoeem
1333 944 1370 1010 et

169 1030 344 1110 sermonis
361 1036 448 1108 facit
465 1035 768 1129 explanationem,
786 1034 946 1106 seorsum
970 1061 992 1127 a
1015 1037 1123 1128 notis,
1141 1061 1220 1132 quae
1237 1060 1295 1109 res
1311 1039 1366 1132 ip-

166 1159 229 1213 sas
248 1135 430 1222 evolvunt,
441 1133 711 1229 proponendam
729 1133 906 1218 decrevit:
926 1131 1015 1205 Nisi
1026 1135 1129 1222 sorte,
1143 1136 1288 1229 quando
1306 1135 1369 1231 qui
1407 1221 1411 1228 ,

168 1234 218 1306 ad
234 1237 337 1304 notas
362 1229 515 1325 majores
540 1231 722 1302 nonnullae
740 1231 837 1301 circa
854 1231 1047 1304 dictionem
1066 1233 1292 1304 difficultates
1312 1259 1370 1305 es·

168 1337 248 1403 sent
264 1330 500 1400 retrahenda.
530 1327 747 1428 Designavit
762 1329 921 1426 insuper,
940 1354 1011 1423 quo
1029 1331 1148 1400 omnia
1163 1332 1280 1425 primo
1298 1338 1367 1402 sta-

168 1431 232 1500 tim
250 1428 380 1498 intuitu
399 1433 638 1520 occurrerent,
650 1433 690 1496 ut
706 1425 800 1512 notis
818 1427 1060 1512 arethmetieis
1077 1428 1246 1517 loca,ubi
1261 1429 1368 1502 inter-

166 1525 366 1623 pretatione
382 1549 481 1618 opusss
491 1531 598 1611 esset,
617 1523 880 1594 indicarentur:
901 1525 1086 1618 alphabeti
1103 1534 1221 1598 autem
1239 1527 1368 1619 litania,

167 1649 247 1720 qua
272 1627 374 1694 notas
399 1628 598 1716 poscerent.
648 1619 796 1690 Minuta
816 1645 906 1690 uero
930 1623 1007 1694 bac
1033 1630 1127 1713 sunt,
1150 1649 1231 1718 quae
1254 1625 1370 1720 primo

167 1720 381 1807 delineantis
399 1718 555 1792 animum
568 1724 842 1813 occupaverunt.
869 1718 984 1790 Aliud
1000 1745 1072 1793 una
1089 1730 1125 1793 et
1141 1723 1267 1796 eadem
1286 1747 1368 1818 ope.

166 1842 208 1892 ra
225 1821 274 1890 ab·
288 1819 369 1913 ipso
380 1817 567 1910 quaesitum
584 1822 661 1904 est3
678 1817 835 1898 abantea,
851 1817 1001 1905 seilicet,
1015 1827 1051 1890 et
1067 1821 1241 1894 sermonis
1253 1823 1369 1918 copia.

165 1914 256 1990 Non
272 1917 366 1988 euim
384 1920 520 1986 tantum
544 1914 582 1984 in
605 1909 892 2003 interpretatione
910 1935 975 1984 suo
991 1937 1134 2006 quoque
1156 1925 1192 1985 et
1216 1919 1372 1990 naturali

165 2017 246 2088 loco
263 2013 502 2086 restituendas
521 2008 636 2081 voluit·
648 2013 768 2101 partes
786 2009 956 2080 orationis
974 2010 1159 2104 singulas3
1184 2015 1369 2088 nominati-

165 2138 251 2186 vum
267 2119 353 2188 ante
365 2113 524 2197 verbum,
533 2106 663 2177 deinde
680 2106 936 2196 accusativum,
946 2104 1010 2180 lac.
1023 2109 1090 2179 sed
1107 2113 1369 2205 synonpmiam,

166 2214 395 2286 obsecrarem
415 2207 493 2278 vice
517 2203 725 2298 prasertim,
744 2204 894 2282 aliarum
919 2205 1027 2277 etiam
1046 2220 1178 2279 vocum.
1200 2211 1369 2283 substitu-¹

167 2311 262 2384 enda
280 2307 423 2378 statuit:
451 2301 508 2373 Ut
521 2302 574 2373 sie
594 2307 668 2372 tum
694 2325 821 2376 sensus
846 2301 1068 2376 clarissimus
1092 2315 1277 2402 appareat,
1295 2317 1371 2383 tum

166 2409 355 2482 verborum
372 2403 427 2474 vis
445 2407 481 2472 et
497 2399 642 2496 propria
658 2399 869 2496 significatio
887 2401 1116 2500 dijudicetur,
1134 2407 1369 2480 abunduntia-

167 2531 238 2602 que
254 2504 465 2574 inducatur:
494 2500 720 2594 Quamquam
737 2523 785 2571 ex
809 2499 924 2594 poetis
945 2501 1004 2574 hic
1020 2503 1158 2581 fructus
1176 2505 1245 2576 erit
1259 2507 1372 2589 multo

165 2602 379 2678 uberrimae.
414 2597 593 2669 Restabat
609 2597 713 2680 aliud
726 2597 834 2690 nibil,
846 2598 916 2668 nisi
933 2606 1004 2677 tam
1021 2601 1113 2692 utili,
1131 2608 1275 2697 tamque
1292 2603 1375 2676 lam

167 2700 280 2775 debili
297 2696 445 2770 oonsilio
462 2719 605 2771 manum
624 2696 825 2768 admovere.
856 2696 953 2770 Rem
970 2721 1055 2785 vcro
1071 2700 1200 2794 ipsam,
1214 2708 1254 2772 ut
1268 2703 1370 2774 vide-

166 2808 238 2890 tur,
255 2799 300 2869 in·
310 2807 349 2868 se
366 2793 643 2889 recepit'gratus
663 2795 834 2868 bonarum
855 2793 1037 2876 literarum
1055 2799 1203 2894 genius:
1230 2797 1332 2880 Nam
1350 2825 1374 2874 a

119 2978 122 2984 ,
168 2923 240 2996 quo
256 2897 406 2988 incaepto
422 2895 603 2964 retrabere
627 2893 825 2988 impensam
850 2893 1043 2968 maximam
1060 2895 1180 2997 quivis
1196 2898 1370 2970 credidis-

25 2995 28 3000 ’
129 3088 132 3092 ¹
168 3005 235 3088 set,
248 2995 288 3066 ei
299 2993 351 3064 rei
368 2991 609 3076 neminimum
623 2991 767 3086 quidem
780 2993 907 3064 obtulit
917 2991 1221 3089 impedimentum.
1249 2995 1369 3069 Nimia

167 3119 249 3168 rum
264 3093 302 3162 in
319 3115 362 3162 ea
379 3097 539 3184 tempera
561 3089 765 3181 incid-imus,
783 3092 912 3185 quibus
935 3117 1060 3186 regum
1085 3094 1370 3166 munificentissi-

169 3217 261 3280 mus,
289 3189 539 3284 hominumque
564 3189 839 3281 oculatissimus,
865 3190 1053 3284 imperium
1080 3192 1225 3263 obtinet.
1277 3194 1373 3266 (lum

170 3312 256 3386 ergo
274 3289 350 3359 dux
373 3287 636 3360 illustrissimus
661 3285 934 3360 Montauserius
953 3290 1001 3362 ad
1027 3290 1170 3362 honoris
1196 3315 1375 3364 summum

169 3386 352 3482 fastigium
371 3385 545 3476 sublatus,
558 3386 744 3480 lectusque
761 3386 853 3459 inter
868 3411 1035 3482 proceres
1046 3388 1117 3459 fide
1135 3389 1378 3484 ae'sapientia
1405 3424 1408 3434 ·

169 3485 427 3583 precellentes,
457 3505 545 3576 quos
575 3507 704 3578 magno
731 3508 883 3560 numero
905 3483 1013 3556 bodie
1041 3487 1235 3580 praesertim
1264 3489 1374 3560 babet

171 3587 267 3666 alma
284 3583 418 3671 Gallia,
436 3581 540 3676 regia
559 3579 734 3676 Delphini
750 3583 959 3656 institutioni
980 3585 1212 3674 incumberet,
1230 3609 1274 3656 ea
1291 3609 1372 3678 pers

170 3682 325 3755 tleienda
343 3680 491 3770 curavit,
511 3704 587 3772 quae
605 3687 686 3753 ante
712 3682 949 3777 cogitaverat:
974 3681 1251 3756 'studiosissime
1273 3683 1374 3778 apud

172 3803 294 3854 omnes
310 3777 482 3866 literatos,
493 3779 586 3848 intra
603 3786 638 3849 et
655 3786 757 3851 extra
773 3779 875 3875 regni
890 3781 991 3870 fineS,
1005 3781 1236 3875 requirendos
1248 3780 1372 3877 jussit,

172 3880 268 3953 viros
293 3875 443 3946 instituti
467 3876 522 3946 sui
547 3876 798 3965 administros3
827 3903 915 3972 quos
941 3879 1186 3969 beneficentia,
1216 3887 1251 3951 et
1278 3879 1374 3951 omni

172 3981 294 4050 lavore
313 3973 459 4044 clientes
478 3999 560 4047 suos
578 3975 673 4046 fecit.
724 3976 902 4070 Quantum
925 3978 970 4048 de
989 3976 1089 4048 bonis
1108 3977 1233 4064 literis,
1252 3978 1371 4048 litera

172 4074 302 4170 lisque,
326 4078 399 4142 toto
423 4071 576 4166 denique
601 4071 793 4145 Musarum
819 4077 927 4145 choro
952 4075 1130 4164 meruerit,
1150 4075 1212 4169 qui
1236 4095 1371 4164 omnes,

171 4177 345 4268 quotquot
362 4171 533 4242 babemus
552 4170 688 4244 Latinae
704 4172 1021 4268 linguae'auctoreS,
1034 4197 1087 4259 eo,
1100 4195 1170 4268 que
1188 4176 1370 4268 prascrip-

171 4272 221 4351 sit
236 4271 354 4363 medo,
373 4269 601 4365 castigandos
618 4275 654 4346 et
670 4271 886 4346 enarrandos
911 4271 1129 4367 procuravit,
1144 4293 1215 4344 nou
1239 4294 1317 4369 ego,
1336 4273 1375 4342 'aa
