3070 5034
375 239 387 275 Ι

256 291 300 351 64
717 279 963 347 SALLUSTII

254 429 276 495 ‘i
290 459 350 520 lius
365 458 544 539 Torquatus
565 455 789 516 bello-Gallico·
799 455 896 518 lilium
908 473 1019 532 ,suumn
1033 452 1162 536 quodie
1183 465 1315 532 ’ἐροίη
1330 455 1430 540 impe-

253 549 276 579 “
291 547 371 606 rium
396 545 426 604 in
449 545 569 605 hostem
593 557 793 622 pugnaverat,
808 541 912 602 necari
930 541 1038 624 jussio
1079 541 1195 622 Atque
1214 539 1266 606 ille
1285 547 1433 627 egregius

254 635 275 666 ⁸⁶
290 631 468 692 adolescens
484 630 699 689 immoderatae
714 628 906 706 fortitudinis
920 643 1020 690 morto
1035 647 1136 708 poenas
1148 626 1252 688 dedit.
1296 627 1379 705 Vos,
1391 632 1432 694 de

253 714 513 776 “crudelissimis
529 713 691 794 parricidis
708 713 783 796 quid
798 713 952 783 statuatis,
967 712 1173 774 cunctamini?
1184 712 1352 776 ,Videlicet
1367 717 1432 778 vita

252 805 274 842 ‘⁴
289 815 398 862 caetera
413 820 521 860 eorum
538 799 727 860 huicsceleri
744 797 871 866 '’obstat.
919 797 1176 879 Vertim‘parcit'e
1188 798 1334 880 dignitati
1347 800 1433 864 Len-

251 891 274 924 *ι
289 885 356 959 mli,
368 887 394 946 si
415 885 480 966 ipse
493 885 660 966 pudicitiae,
671 888 696 946 si
712 885 801 944 firmae
817 905 890 956 suae,
904 883 930 944 si
946 883 1020 957 diis,
1031 901 1085 944 aut
1099 883 1274 946 hominibus
1290 907 1434 967 unquam

154 1031 157 1038 ,
251 976 274 1006 “
289 973 359 1033 ullis
379 972 527 1052 pepercit·
572 971 728 1052 Ignoscite
750 970 881 1050 Cethegi
904 969 1130 1043 adolescentia,
1150 969 1341 1034 nisiiterum
1361 973 1431 1056 jam

248 1060 280 1092 ‘⁶'
289 1056 395 1138 patriae
408 1057 521 1116 bellurn
534 1055 619 1119 iecit..
664 1057 697 1116 N
700 1079 748 1116 am
761 1055 840 1138 quid
854 1077 916 1137 ego
929 1055 969 1116 de
978 1052 1133 1134 Gabinio,
1146 1054 1277 1131 Statilio,
1293 1055 1434 1138 Cepario

251 1146 272 1175 ‘⁴
287 1143 416 1224 loquar?
435 1141 559 1214 Quibus
572 1142 597 1202 si
611 1143 781 1223 quidquam
795 1143 882 1223 pensi
897 1161 1034 1221 unquam
1046 1139 1170 1214 fuisset,
1183 1147 1265 1202 cntro
1279 1163 1316 1204 ea
1328 1144 1434 1207 consi·

250 1233 273 1262 ‘⁵
286 1229 327 1289 lia
343 1229 382 1288 de
394 1249 459 1310 rep.
476 1227 665 1290 habuissent.
685 1225 861 1302 Postremo,
879 1227 914 1286 P.
930 1226 968 1292 C.
983 1226 1011 1286 si
1025 1226 1202 1288 mehercule
1217 1241 1343 1307 peccato
1356 1223 1431 1290 ‘¹10-

250 1319 273 1347 ⁸‘
288 1335 344 1375 cus
359 1331 451 1386 esset,
467 1309 559 1374 facili
581 1331 702 1394 paterer
718 1335 774 1373 vos
791 1312 855 1394 ipsd
870 1322 925 1372 erc
940 1311 1068 1392 corrigi,
1082 1311 1231 1392 quoniam
1247 1313 1344 1378 verba.
1354 1335 1429 1378 con·

249 1403 272 1434 ‘⁴
287 1397 516 1460 temnitis.'Sed
532 1401 670 1478 undique
685 1397 888 1463 circumventi
905 1417 1033 1460 sumus:
1052 1397 1187 1458 Catilina
1200 1399 1431 1465 cumrexercitu

206 1495 212 1508 “
250 1485 427 1546 “faucibus
444 1500 552 1564 urget:
574 1484 627 1545 alii
644 1484 726 1544 intra
742 1485 866 1553 menia,
880 1497 976 1563 atque
990 1483 1022 1544 in
1037 1482 1108 1547 sinu
1124 1483 1210 1544 urbis
1225 1497 1297 1546 sunt
1312 1483 1428 1549 hostes.

250 1575 272 1606 ‘⁸
288 1561 403 1649 N‘eque
414 1571 530 1650 parari,
541 1589 641 1649 neque
656 1567 774 1628 consuli
788 1569 960 1649 quidquam
974 1564 1095 1629 occulte
1110 1582 1231 1650 potest:
1247 1567 1311 1650 qud
1324 1567 1429 1654 magis

249 1661 271 1702 *ι*
287 1656 517 1736 properandum
533 1669 590 1715 est.
635 1652 744 1726 Quare
765 1653 808 1714 ita
828 1674 888 1734 ego
910 1673 1039 1715 censeo:
1062 1653 1138 1715 edm
1158 1653 1430 1720 nefariocousilio

251 1743 273 1776 ‘⁸
288 1742 508 1802 sceleratorum
526 1738 642 1802 civium
660 1756 741 1819 resp.
758 1739 790 1798 in
806 1739 942 1798 maxima
957 1739 1097 1818 pericula
1112 1739 1248 1813 venerim
1271 1739 1366 1822 hique
1383 1740 1431 1804 in·

249 1833 272 1864 ‘⁸
285 1825 370 1887 dicio
379 1823 419 1886 T.
430 1825 596 1899 Volturcii,
606 1841 636 1884 et
651 1826 825 1904 legatorum
841 1823 1051 1906 Allobrogum
1069 1825 1215 1901 convicti,
1231 1823 1430 1910 confessique

248 1917 271 1962 ‘l
287 1914 359 1985 sint,
383 1911 514 1987 caedem,
537 1910 692 1984 incendia,
714 1910 834 1990 aliaque
857 1908 937 1972 seda
958 1910 1051 1992 atque
1076 1912 1214 1974 crudelia
1232 1911 1375 1991 facinora
1396 1913 1428 1974 in

245 1991 271 2034 '⁶‘
287 2000 381 2072 cives,
393 1995 586 2079 patriamque
599 1996 755 2078 paravisse
767 2021 776 2068 ;
790 1995 831 2056 de
841 1993 1003 2069 confessis,
1013 1997 1107 2056 sicuti
1116 1996 1156 2057 de
1170 1995 1363 2060 fmanifestis
1376 2019 1426 2060 re-

248 2091 270 2122 “
285 2105 356 2145 rum
372 2082 562 2162 capitalium,
576 2087 687 2145 Rmore
701 2081 866 2162 majorum,
881 2082 1066 2162 supplicium
1083 2079 1306 2159 sumendum.’'

292 2167 555 2250 Postquam-Cato
570 2167 696 2242 assedit,
708 2167 882 2228 consulares
894 2181 1013 2240 omnes,
1023 2167 1160 2248 itemque
1174 2170 1298 2228 senarias
1312 2189 1426 2250 magna

248 2274 331 2338 pars,
343 2252 529 2314 sententiam
546 2253 614 2335 ejus
629 2253 775 2324 laudant;
790 2252 937 2316 virtutem
952 2251 1047 2314 animi
1064 2253 1103 2314 ad
1116 2253 1222 2314 coelum
1237 2251 1359 2332 ferunt:
1376 2255 1429 2319 alii

248 2341 325 2402 alios
334 2340 527 2422 increpantes
539 2339 667 2403 timidos
678 2354 805 2399 vocant:
824 2337 901 2398 Cato
913 2337 1014 2422 clarus
1026 2354 1117 2419 atque
1133 2359 1262 2420 magnus
1274 2340 1405 2402 habetur
1420 2365 1429 2413 ς

248 2426 348 2488 senati
364 2426 524 2486 decretum
544 2425 588 2500 lit,
603 2425 683 2486 sicut
701 2425 751 2485 ille
775 2437 945 2486 censuerat.
988 2421 1051 2485 Sed
1074 2424 1163 2501 mihi,
1179 2425 1277 2486 multa
1303 2425 1432 2508 legenti,

246 2513 345 2573 multa
361 2511 510 2585 audienti,
523 2531 590 2590 qaae
605 2511 737 2592 populus
751 2508 911 2574 Romanus
927 2511 1025 2587 domi,
1038 2509 1229 2590 militiaque,
1240 2509 1319 2572 mari
1330 2526 1425 2592 atque
1509 2583 1510 2586 Ἴ

246 2599 329 2658 terris
344 2595 488 2679 praeclara
504 2595 640 2656 facinora
651 2593 736 2670 iecit,
749 2591 830 2654 forte
845 2593 945 2656 lubuit
959 2596 1129 2669 attendere,
1141 2615 1211 2674 quae
1226 2617 1276 2656 res
1285 2594 1426 2657 maxime

246 2695 331 2744 tauta
345 2683 470 2762 negotia
485 2681 695 2742 sustinuisset.
719 2679 871 2754 Sciebam,
885 2701 1097 2764 saepenumero
1112 2681 1226 2760 ¹parvd
1241 2701 1337 2742 manu
1353 2701 1427 2744 cum

245 2767 369 2846 magnis
381 2764 557 2848 legionibus
579 2765 715 2828 hostium
740 2767 953 2828 contendisse:
977 2785 1182 2846 cognoveram
1204 2765 1308 2844 parvis
1323 2767 1426 2848 copiis

247 2851 326 2912 bella
337 2865 425 2930 gesta
437 2870 508 2911 cum
518 2849 671 2932 opulentis
683 2851 829 2935 regibus:
844 2852 884 2914 ad
894 2851 966 2930 hoo,-
977 2871 1056 2934 saepe
1069 2845 1200 2913 lortunae
1215 2847 1428 2921 hviolentiam

685 2989 979 3074 laruaeaorarlo.

287 3175 445 3236 ¹Sciebnm
461 3176 498 3236 R
515 3177 778 3263 Romanomaope
792 3179 926 3248 certdsse
940 3189 1040 3262 paroc
1061 3178 1198 3240 exercitu
1219 3197 1285 3238 cum
1300 3177 1424 3257 magnis

244 3259 414 3340 legionibus
434 3263 576 3324 hostium.
1077 3285 1083 3298 ·

774 3367 888 3418 NOTAE.

274 3533 290 3565 s
305 3514 421 3579 nonna]
442 3519 499 3568 Non
517 3515 641 3582 equidem
660 3531 757 3586 contro,
772 3519 820 3568 sed
846 3529 935 3568 autam
948 3519 1041 3583 ficisset
1054 3519 1159 3582 fircinar
1178 3523 1367 3584 conjuratorptm,
1386 3533 1427 3566 rsa

239 3586 292 3630 eine
308 3585 432 3646 imperim
452 3585 502 3633 nisi
514 3581 586 3648 qudd
601 3590 626 3634 in
639 3587 717 3644 bellu,
729 3587 750 3632 is
763 3601 821 3634 con·
843 3595 922 3648 posset
932 3589 1075 3634 adamarent
1086 3589 1202 3634 converri.

239 3647 427 3716 traimperinm
435 3650 561 3716 facil‚qui
570 3651 669 3717 absque
678 3652 818 3718 eoaliquid
877 3656 944 3702 elle
963 3652 1075 3716 corrigi]
1097 3656 1153 3702 Hoc
1172 3659 1224 3712 est,
1243 3653 1329 3700 domno
1346 3659 1372 3697 et
1391 3652 1428 3698 in-

238 3713 327 3762 nudet·
423 3724 426 3733 '
846 3723 977 3774 commodis,
995 3735 1047 3780 qrrae
1065 3737 1099 3768 ex
1117 3723 1297 3784 conjuratorem
1309 3714 1427 3778 facinore

273 3779 289 3826 b
306 3781 416 3844 Obstat]
436 3787 516 3832 Prout
529 3783 558 3832 id
569 3781 668 3834 factum
679 3784 703 3832 in
713 3784 759 3832 illo
770 3787 821 3833 Ho-
845 3791 871 3835 ia
879 3805 922 3834 vos
934 3789 1109 3836 renuntiarent.

237 3847 305 3896 ratio
319 3847 395 3914 cnjus
408 3849 505 3898 crimen
519 3851 586 3900 intra
597 3852 707 3916 gloriam
720 3850 780 3908 fuit,
790 3860 826 3899 ut·
878 3853 1063 3917 ldlana'fiao's]
1086 3851 1129 3902 llll
1148 3860 1218 3912 sunt,
1237 3863 1302 3915 quos
1323 3847 1427 3900 crimen

236 3914 354 3978 loquitur
371 3916 471 3965 Florus.
491 3919 565 3982 Gall„
576 3919 739 3969 diceremus:
761 3920 821 3968 Con·
844 3919 982 3970 admisisse
995 3928 1107 3968 constat.
1205 3973 1209 3991 Ι

237 3984 383 4032 trebalarrce.
772 3982 774 3985 ”
876 3983 1005 4051 gMare]
1026 3989 1179 4050 Priusquam
1194 3983 1265 4046 leges
1279 3995 1376 4046 paratas
1385 3997 1427 4032 es-

269 4065 285 4098 c
294 4049 354 4099 Non
368 4049 415 4112 em]
429 4050 485 4096 Hoc
494 4058 543 4110 est,
553 4061 601 4100 tarn
611 4051 715 4114 nefirrio.
733 4053 828 4101 Veris·¹
843 4063 899 4104 sent
916 4069 963 4117 pro
975 4063 1051 4119 tergo
1062 4063 1090 4102 et
1101 4052 1186 4116 capite
1198 4050 1303 4099 cir-rum.

236 4112 301 4164 sime
315 4116 417 4165 dictum
428 4135 434 4162 ε
447 4131 505 4163 nam
519 4133 565 4181 per
577 4119 676 4182 gradus
688 4121 721 4166 ad
732 4125 819 4168 extre·
875 4118 1075 4182 h-Vr'olenriam.]
1096 4115 1255 4175 citnaram
1269 4115 1368 4180 grstia,
1381 4114 1428 4164 ad-

235 4195 303 4231 mam
316 4182 458 4244 nequitiam
471 4182 657 4240 descerrditur3
675 4187 746 4248 quod
758 4186 818 4234 ado·
841 4201 935 4238 versus
954 4189 1092 4246 Samnxtes,
1105 4186 1202 4241 Gallos,
1221 4182 1361 4248 Pyrrhum,
1372 4183 1426 4234 An·

234 4246 395 4299 lescentibus
410 4248 522 4297 maxime
533 4251 676 4300 notandam·
689 4262 739 4300 est.
834 4255 963 4316 virtualem,
975 4253 1071 4305 bellum
1084 4255 1231 4322 gesserunt.

266 4314 377 4366 dhocza
389 4313 474 4380 esech]
498 4317 529 4368 ld
544 4327 595 4379 est,
604 4323 627 4368 ai
634 4327 763 4384 postquam
771 4327 831 4388 pm.
