3034 5060
437 291 641 359 urinum
664 291 1040 377 Juounrnmurr.
1273 303 1334 362 ns

139 481 248 532 notat.
291 463 433 530 ²E'a'res
455 461 572 530 frustra
593 465 664 530 fuit.
709 464 833 530 Eodem
855 482 996 550 tempore
1019 464 1186 550 Jugurtlta,
1207 467 1333 532 amissis

144 554 270 630 amicis,
285 567 418 634 quorum
430 553 595 636 plerosque
610 554 678 636 ipse
692 567 876 627 necaverat3
892 553 995 616 caeteri
1011 553 1190 630 formidine,
1206 573 1275 636 pars
1290 553 1332 616 ad

145 637 318 715 Romanos,
333 637 385 700 alii
401 639 442 700 ad
456 659 565 720 regem
576 639 746 700 ‘Bocchum
762 636 984 720 profugerant:
1008 637 1082 700 cum
1099 659 1202 720 neque
1216 638 1334 702 bellum

143 723 217 806 geri
232 724 297 786 sine
313 722 506 786 administris
521 739 638 806 posset,
654 739 685 786 et
700 745 852 786 uovorum
870 725 977 800 iidem,
990 723 1021 786 in
1036 725 1120 786 tanti
1137 725 1265 806 perfidia
1281 746 1334 786 vs·

144 824 262 884 terum,
276 810 414 892 experiri
429 809 638 890 periculosum
650 810 791 884 duceret,
806 809 910 872 varius
927 809 1125 891 incertusque
1140 810 1314 890 agitabatur
1323 834 1334 882 ;

140 915 246 976 neque
261 895 307 956 illi
328 915 390 970 res,
404 913 508 974 neque
521 894 697 969 consilium,
713 909 766 957 aut
780 895 946 977 quisquam
962 895 1125 957 homiuum
1140 890 1218 956 satis
1233 896 1334 978 place·

140 979 217 1042 bat:
242 979 365 1054 itinera,
380 978 602 1062 praefectosque
619 980 735 1042 indies
752 995 891 1042 mutaret
916 979 1013 1042 modd
1035 982 1201 1042 adversum
1217 979 1336 1058 hostes,

141 1063 304 1130 interdum
322 1065 354 1125 in
370 1065 554 1127 solitudines
574 1085 723 1147 pergere:
747 1062 831 1148 saepe
848 1065 880 1128 in
897 1063 981 1147 fugi,
997 1079 1027 1126 at
1043 1063 1114 1144 prist
1129 1063 1221 1148 paulo
1239 1066 1270 1128 io
1287 1085 1336 1128 ar·

141 1150 206 1211 mis
217 1170 307 1232 spem
320 1149 455 1210 habere:
474 1151 631 1212 dubitaret
639 1151 748 1210 virtuti
761 1153 958 1232 popularium
970 1171 1008 1212 an
1022 1149 1094 1212 fidei
1108 1149 1212 1214 mimis
1225 1152 1335 1214 crede·

141 1236 214 1298 ret?
231 1237 292 1307 Ita,
306 1255 509 1316 quocumque
526 1235 733 1307 ¹intenderat‚
748 1255 798 1296 res
814 1237 951 1297 adversat
968 1251 1065 1296 erant.
1109 1235 1173 1297 Sed
1188 1238 1268 1299 inter
1283 1257 1337 1300 eas

142 1325 252 1382 moras
268 1317 394 1402 repente
407 1342 441 1382 se
457 1319 611 1382 Metellus
626 1340 699 1380 cum
715 1321 858 1382 exercitu
872 1319 1018 1382 ostendit.
1058 1319 1208 1382 Numidae
1226 1323 1263 1383 ab
1279 1323 1337 1403 Ju-

145 1406 259 1485 gurthti
275 1421 481 1488 protempore
494 1405 604 1487 parati,
617 1405 821 1487 instructique
833 1423 923 1468 sunt:
941 1406 1014 1466 dein
1024 1406 1165 1487 prelium
1178 1407 1337 1488 incipitur.

145 1489 220 1564 Qua
236 1493 267 1552 in
283 1505 369 1575 parte
386 1511 442 1552 rex
457 1511 567 1573 pugnae
583 1491 682 1566 alluit,
698 1492 740 1551 ibi
758 1490 941 1573 aliquandiu
958 1505 1130 1552 certatum:
1148 1493 1253 1552 caeteri
1268 1513 1336 1558 om·

32 1613 36 1622 -
141 1595 200 1638 nes
210 1575 278 1660 ejus
290 1575 405 1640 milites
414 1577 516 1660 primo
530 1597 698 1656 congressu
710 1577 803 1658 pulsi,
816 1577 978 1659 fugatique
990 1597 997 1636 t
1016 1575 1151 1638 Romani
1162 1575 1339 1658 signorum,

141 1675 175 1723 et
186 1682 358 1740 armorum,
370 1677 404 1724 at
414 1663 572 1744 aliquanto
583 1681 714 1724 numero
724 1662 860 1726 hostium
874 1663 975 1744 potiti.
1001 1661 1087 1723 Nam
1100 1660 1200 1724 ferme
1217 1663 1251 1722 N
1254 1665 1336 1725 umi-

72 1814 78 1825 ,
142 1747 201 1808 das
213 1749 245 1808 in
256 1747 401 1808 omnibus
414 1747 526 1828 procliis
542 1741 644 1826 magis
657 1749 753 1826 pedes
768 1745 862 1828 quim
873 1765 991 1810 armata
1007 1763 1073 1810 tuta
1086 1764 1167 1810 sunt.
1202 1747 1249 1810 Et
1259 1747 1336 1834 fugit

142 1831 302 1913 Jugurtira
316 1830 491 1912 impensius
501 1829 596 1892 modo
608 1831 701 1890 rebus
717 1832 782 1891 suis
794 1833 948 1906 diffidens,
958 1853 1030 1892 cum
1043 1831 1195 1912 perfugis,
1205 1852 1235 1895 et
1244 1852 1332 1917 parte

144 1917 317 1998 equitatus,
331 1916 363 1976 in
379 1909 576 1987 solitudines,
590 1915 667 1976 dein
679 1911 694 1950 ¹¹
705 1913 838 1976 Thalam
855 1915 995 1997 pervenit
1007 1941 1014 1986 ;
1034 1918 1066 1977 in
1080 1921 1231 1998 oppidum
1249 1943 1337 2002 mag·

142 2020 235 2077 num,
250 2017 282 2063 et
301 2002 502 2083 opulentum:
527 2002 578 2062 ubi
596 2000 743 2082 ploriqne'
752 2000 900 2077 thesauri,
917 1999 1115 2082 filiorumque
1131 2003 1201 2084 ejus
1220 2007 1337 2067 multus

141 2087 285 2170 pueritiae
300 2088 423 2149 ccultus
440 2099 516 2148 erat.
540 2083 621 2158 Qus
634 2099 798 2168 postquam
816 2085 949 2148 Metello
963 2102 1121 2167 comperta
1133 2105 1215 2163 sunt,
1227 2109 1338 2169 quam-

143 2193 241 2256 quam
265 2173 345 2234 iuter
368 2171 502 2234 Thalam
523 2171 703 2252 flumenque
726 2173 917 2254 proximum,
932 2171 965 2232 in
985 2172 1086 2253 spatio
1107 2173 1229 2234 milium
1247 2176 1337 2255 quin·

144 2259 308 2341 quaginta,
319 2259 389 2320 loco
401 2258 602 2338 arida‚ntque
617 2271 1029 2338 vastacognoverat‚tamen
1044 2279 1077 2318 se
1094 2261 1234 2340 patrandi
1252 2260 1337 2335 belli,

142 2346 171 2408 si
184 2345 254 2427 ejus
267 2343 375 2426 oppidi
391 2343 508 2426 potitus
524 2342 616 2416 foret,
624 2362 735 2403 omnes
747 2343 929 2424 asperitates
937 2345 1161 2424 supervadere,
1173 2367 1207 2407 ac
1222 2343 1337 2408 dnntu·

140 2451 212 2494 ram
230 2431 326 2492 ctiam
341 2429 466 2490 vincere
482 2429 676 2510 aggreditur.
708 2427 812 2510 Igitur
825 2427 1083 2510 omniajumenta
1097 2431 1226 2492 sarcinis
1237 2431 1336 2496 levari

137 2517 243 2600 jubet,
258 2515 317 2576 nisi
334 2513 492 2576 frumento
509 2515 631 2575 dicrum
650 2533 682 2573 x.
703 2511 852 2575 caeteriim
873 2523 887 2550 θ
898 2514 974 2575 utris
997 2512 1103 2590 modis,
1119 2531 1150 2576 et
1170 2517 1230 2578 alin
1246 2538 1336 2598 aquae

143 2603 258 2664 idonea
272 2600 409 2684 portari.>
445 2597 596 2661 Pretereti
611 2599 769 2678 conquirit
783 2621 824 2662 ex
838 2599 920 2680 agris
936 2595 1029 2680 quim
1046 2600 1218 2681 plurimdm
1234 2615 1336 2684 potest

142 2687 261 2750 domiti
281 2685 421 2769 pecoris:
445 2706 545 2767 eoque
566 2685 699 2766 imponit
720 2705 794 2752 vasa
814 2686 967 2767 cujusque
992 2685 1089 2758 modi,
1109 2688 1165 2748 sed
1188 2687 1335 2769 pleraque

143 2775 260 2855 lignea,
275 2771 456 2840 collectaex
467 2769 603 2853 tuguriis
620 2765 847 2834 Numidarum.
893 2771 950 2832 Ad
964 2770 1023 2831 hoc
1036 2770 1176 2833 finitimis
1192 2772 1335 2854 imperat,

142 2859 199 2938 qui
215 2877 248 2918 se
265 2873 335 2939 post
349 2856 434 2938 regis
449 2855 559 2936 fugam
575 2855 709 2916 Metello
723 2843 886 2933 dederant,
902 2853 996 2934 quim
1012 2855 1185 2938 plurimdm
1200 2857 1335 2942 quisque

144 2963 234 3023 aquae
250 2958 402 3024 portaret:
426 2941 524 3016 diem,
537 2942 715 3020 locumque,
732 2940 783 3002 ubi
804 2939 920 3023 praestd
936 2941 1048 3017 forent,
1063 2943 1213 3022 ptaedicit.
1261 2945 1335 3026 lpse

138 3047 186 3088 ex
207 3027 346 3103 flumine,
361 3047 454 3108 quam
472 3026 647 3108 proximam
669 3045 782 3108 aquarn
798 3029 915 3110 oppido
930 3048 998 3088 esse
1011 3023 1105 3108 suprti
1119 3025 1269 3099 diximus,
1282 3028 1334 3114 ju-

143 3127 251 3175 menta
266 3127 384 3174 onerat.
429 3110 479 3173 Eo
495 3111 590 3174 modo
605 3110 774 3172 instructus
789 3111 830 3172 ad
846 3111 979 3174 Thalam
996 3112 1212 3193 proficiscitur.
1249 3115 1334 3178 Dein

140 3199 197 3266 uhi
213 3199 253 3262 ad
265 3199 326 3262 loci
343 3211 482 3276 ventum,
498 3193 562 3279 qud
581 3195 734 3260 Numidis
750 3213 961 3280 praeceperat3
979 3211 1011 3260 ct
1024 3213 1124 3262 castra
1138 3199 1250 3281 posita,
1264 3221 1333 3264 mu·
1354 3243 1358 3258 .

581 3409 887 3487 rmnurunrnrro.
974 3431 981 3446 ·

169 3681 171 3686 ,
227 3609 360 3694 1Ιίαῳιε
370 3597 553 3696 quicunqne
566 3611 701 3674 animum
715 3621 917 3688 converterat,
932 3630 981 3670 res
996 3607 1131 3696 adverso
1146 3621 1244 3673 oront.
1289 3664 1314 3697 ἶ
1399 3657 1404 3668 .

634 3785 636 3790 ’
678 3825 796 3876 noris.
827 3884 830 3892 ,

172 4010 189 4044 a
202 3993 267 4059 Eu]
291 3993 379 4054 Quod,
395 3993 529 4056 nimirum,
546 4001 653 4046 senalus
670 3993 727 4048 Me·
782 3993 918 4056 ocultam]
927 3992 957 4042 ld
969 4001 1020 4054 est,
1037 3995 1161 4057 Quicquid
1167 3989 1334 4052 odeducotr‘o·

137 4061 205 4110 cetto
217 4062 368 4111 Numidiam
380 4063 541 4112 decreverat.
748 4077 801 4110 rtem
811 4072 836 4110 et
846 4064 1019 4110 recreationem
1026 4067 1142 4125 pertinet,

176 4127 192 4173 b
206 4127 331 4190 Tentata]
353 4127 424 4180 Satis
441 4138 545 4179 constat
556 4127 651 4179 Africae
667 4143 726 4194 pro·
782 4125 964 4191 dNotnrom]
984 4131 1021 4178 De
1035 4129 1159 4179 ariditate
1177 4125 1234 4175 loci
1244 4128 1333 4190 praeci·

138 4191 204 4256 priae
222 4195 313 4249 urbem
327 4193 427 4248 fuisse:
450 4197 525 4248 Situs
541 4195 652 4263 praecisi
674 4211 724 4246 non
747 4191 800 4259 pud
815 4193 985 4258 intelligitur.

18 4305 33 4333 ·,
137 4261 318 4325 cognoscitur.
781 4260 900 4322 sistris]
913 4263 978 4311 Uter
990 4261 1068 4325 pellis
1080 4266 1123 4310 est
1134 4256 1188 4323 qu'i
1200 4259 1333 4312 continen-

586 4345 598 4400 ἦ,
735 4333 792 4384 rtur
803 4329 926 4394 liquores.

1504 4353 1509 4426 4
