3036 5056
199 317 242 375 22
661 303 913 373 satiusrn

199 479 363 565 magisque
380 475 480 542 indies
501 476 624 542 animus
645 475 736 542 ferox
758 479 859 563 inopis
874 479 921 544 rei
942 475 1114 558 familiaris,
1135 487 1169 544 et'
1183 481 1370 546 conscientia

198 572 362 642 scelerum,
387 587 454 647 quae
470 581 601 646 utraque
623 564 673 626 bis
689 567 806 628 artibus
822 581 962 641 auxerat,
974 588 1053 649 quas
1068 587 1161 649 supra
1177 569 1369 635 memoravit

199 655 367 718 incitabant
382 667 527 734 praeterea
541 651 678 732 corrupti
695 649 829 716 civitatis
845 673 960 726 mores,
982 672 1059 734 quos
1074 656 1220 736 pessima,
1242 675 1278 716 ac
1293 666 1309 702 Ε
1324 654 1372 716 di·

199 761 288 804 versa
313 738 393 800 inter
413 760 447 802 se
470 737 561 808 mala,
583 736 717 810 luxuria,
740 751 833 818 atque
855 737 986 800 avaritia
1008 739 1171 803 veniabant.
1216 737 1282 802 Res
1304 737 1372 821 ipsa

198 825 314 888 hortari
332 823 467 898 videtur,
487 823 636 903 quoniam
652 822 698 895 de,
717 823 855 884 moribus
877 822 1011 885 civitatis
1026 825 1038 862 ¹
1053 837 1174 906 tempus
1196 823 1375 906 admonuit,

199 908 291 992 supri
305 923 455 990 reperere,
471 929 505 968 ac
521 908 628 990 paucis
644 905 782 968 instituta
799 927 952 992 majorum
969 907 1069 981 domi,
1083 909 1276 992 militiaeque,
1293 923 1373 997 quo-

89 1047 95 1060 .
198 997 294 1058 modo
309 995 532 1077 rempublicam
548 994 562 1030 ²
577 991 750 1066 habuerint,
768 1011 977 1074 quantamque
993 989 1185 1075 reliquerint,
1199 1009 1229 1072 et
1245 1011 1280 1056 ut
1295 1014 1373 1077 pau·

198 1082 283 1144 latim
295 1083 471 1155 immutata,
486 1099 526 1141 ex
537 1077 756 1162 pulcherrimi,
768 1079 914 1160 pessima,
927 1101 962 1142 ac
973 1079 1216 1170 flagitiosissima
1225 1077 1375 1160 ¹facta'sit,

198 1167 361 1230 disserere.
1354 1214 1358 1224 .

216 1287 218 1294 ·
233 1252 365 1326 ‚Urbem
379 1249 525 1325 Romam,
537 1250 629 1312 sicuti
641 1249 829 1332 egoaccepi,
840 1251 1013 1314 condidere
1027 1253 1120 1332 atque
1131 1249 1270 1314 habuere
1283 1250 1376 1314 initio

197 1337 386 1420 bTrojaoi-r·
404 1335 470 1419 qui,
494 1335 593 1398 AEnei
607 1337 697 1407 duce,
721 1337 857 1420 profugi,
879 1338 1005 1400 sedibus
1021 1337 1146 1402 incertis
1160 1337 1374 1418 vagabantur,

197 1445 332 1504 cumque
347 1421 426 1483 his'c
443 1422 647 1504 Aborigines,
672 1443 770 1503 genus
791 1421 954 1484 hominurn
969 1437 1102 1504 agreste,
1127 1422 1194 1484 sine
1207 1422 1375 1504 legiones

198 1511 265 1571 sine
284 1508 426 1588 imperio,
439 1507 584 1581 liberum,
597 1521 689 1588 atque
704 1507 851 1578 solutum.
897 1506 942 1568 Hi
957 1522 1123 1590 postquam
1139 1507 1172 1568 in
1185 1527 1247 1569 una
1264 1507 1376 1571 nenia

198 1595 387 1668 convenere,
403 1591 520 1675 dispari
533 1611 656 1672 genere,
669 1591 815 1654 dissimili
831 1592 947 1672 lingui,
962 1586 1039 1654 alius
1050 1593 1110 1654 alio
1122 1613 1208 1654 more
1223 1592 1375 1669 viventes,

198 1679 380 1740 incredibrle
407 1693 581 1739 memoratu
597 1689 645 1738 est
660 1674 752 1758 quim
779 1673 870 1738 facile
897 1677 1078 1738 coaluerint.
1121 1677 1184 1742 Sed
1210 1693 1376 1760 postquam

198 1785 249 1826 res
266 1783 373 1824 eorum
397 1762 528 1836 civibus,
553 1761 702 1836 moribus,
729 1762 812 1845 agris
828 1778 929 1838 aucta,
952 1757 1029 1825 satis
1051 1784 1210 1846 prospera,
1235 1759 1374 1844 satisque

198 1849 317 1932 pollens
333 1848 498 1911 videbatur
510 1873 520 1922 ς
532 1849 548 1888 ¹³
563 1847 658 1908 sicuti
672 1849 818 1930 pleraque
834 1847 1011 1912 mortalium
1023 1847 1185 1924 habentur,
1200 1849 1320 1910 invidia
1335 1865 1376 1910 ex

179 2007 182 2014 Δ
198 1934 354 2016 opulentia
370 1941 437 1999 orta
451 1948 509 1998 est.
556 1933 686 2016 lgiture
703 1951 804 2016 reges,
819 1933 985 2016 populique
1002 1933 1125 2016 finitimi
1141 1932 1222 1994 bello
1237 1947 1375 2008 tentare;

198 2019 289 2106 pauci
298 2041 336 2082 ex
354 2019 461 2080 amicis
472 2018 590 2081 auxilio
604 2039 682 2080 esse.
708 2019 793 2081 Nam
806 2018 919 2095 caeteri,
930 2036 1020 2081 metu
1031 2020 1181 2102 percussi,
1198 2015 1375 2100 ipericulis

200 2105 328 2167 aberant
338 2129 346 2166 r
356 2121 394 2166 at
407 2103 553 2178 Romani,
564 2103 663 2178 domi,
674 2103 854 2188 militiasque
866 2103 986 2181 intenti,
997 2101 1156 2181 festinare,
1166 2115 1286 2186 parare,
1295 2104 1374 2166 alius

200 2193 297 2254 alium
313 2191 449 2260 hortari;
464 2189 602 2251 hostibus
611 2187 735 2256 obviitn
746 2189 808 2261 ire;
820 2189 1004 2263 libertatem,
1015 2185 1158 2272 patriam,
1170 2205 1375 2272 parentesque

199 2278 294 2338 armis
306 2294 421 2358 tegere.
441 2275 526 2350 Post,
538 2275 735 2357 ubipericula
746 2276 862 2340 virtute
874 2277 1083 2358 propulerant,
1093 2274 1186 2337 socii-s
1195 2290 1288 2356 atque
1297 2274 1376 2336 ami·

200 2362 246 2424 cis
263 2364 378 2424 auxilia
394 2363 574 2444 portabant;
592 2357 756 2442 magisque
768 2359 893 2432 dandis.
903 2357 998 2442 quim
1012 2360 1201 2444 accipiendis
1216 2359 1375 2422 benefieiis

198 2449 352 2513 amicitias
365 2449 525 2528 parabant:
540 2446 705 2528 imperium
715 2444 903 2529 legitimum,
911 2465 1024 2510 nomen
1034 2443 1179 2530 imperiif
1186 2445 1308 2526 regium
1318 2445 1375 2506 ha-

198 2534 329 2594 bebant:
346 2529 496 2601 ⁴delecti,
511 2531 624 2614 quibus
641 2553 752 2614 corpus
762 2531 850 2597 annis
864 2531 1034 2605 infirmum,
1049 2531 1208 2612 ingenium
1223 2529 1375 2611 sapientii

199 2620 338 2682 validum
352 2637 427 2694 erat,
443 2617 616 2699 reipublicae
627 2601 853 2680 consultabantf
867 2615 923 2686 Hi,
935 2616 985 2678 vel
996 2631 1094 2688 aeiate,
1104 2615 1154 2676 rel
1165 2633 1244 2676 curae
1254 2627 1274 2680 ε
1285 2615 1375 2676 simi·

198 2703 341 2779 litudine,
356 2719 458 2800 patres
474 2702 713 2786 appellabantur.
732 2701 818 2778 Post,
830 2701 884 2764 ubi
893 2702 1015 2785 regium
1026 2699 1203 2786 imperium,
1215 2699 1301 2780 quod
1314 2699 1374 2760 ini·

635 2825 930 2884 immurmurant).

240 2943 538 3032 *Quandoquidem
571 2944 685 3006 occasio
718 2963 772 3006 nos
795 2945 875 3005 sr‘cut
886 2941 921 3003 id
923 2939 1220 3026 plerumqueaccidit
1228 2939 1311 3000 inter
1321 2940 1373 3002 ba·

197 3031 354 3091 admonuit
374 3030 411 3090 de
432 3029 562 3091 moribus
583 3029 729 3092 civitatis.
799 3032 902 3092 mines.

239 3117 252 3150 2
277 3115 430 3200 Quomodo
447 3113 656 3200 rempublicam
668 3114 770 3176 ‘admi
837 3117 852 3154 Α
865 3111 1004 3186 Quidam
1019 3112 1136 3183 delecti,
1146 3110 1253 3194 quibus
1264 3123 1374 3193 corpus

197 3201 413 3262 aberraverint.
797 3212 866 3262 erat
881 3195 1034 3282 infirmum
1051 3219 1089 3258 ex
1103 3207 1262 3268 senectute,
1286 3195 1373 3282 ing&

239 3285 251 3319 ³
267 3285 390 3352 Invidia
411 3282 540 3350 orta'csr
558 3305 596 3358 ex
611 3285 774 3370 opulentia,
798 3286 882 3346 nium
896 3279 970 3344 verb
982 3281 1292 3366 validumsapientici,
1304 3301 1374 3344 con-

798 3367 1125 3452 sulebantreipublicoe.
1346 3367 1350 3374 '

728 3502 843 3556 NOTAE.

190 3657 191 3662 ,
229 3609 391 3674 amoma]
419 3609 450 3660 ld
461 3617 512 3667 est,
529 3614 644 3674 opposita.
672 3611 772 3676 Saepius
827 3607 842 3662 l
851 3607 982 3674 Regum]
1010 3605 1042 3656 ld
1053 3613 1103 3668 est,
1120 3620 1198 3672 reges
1215 3603 1374 3660 vocabantur

177 3727 178 3732 ,
195 3675 235 3726 ita
247 3677 401 3726 sumendum
413 3677 439 3726 in
452 3683 662 3728 noslrnauetors.
794 3691 839 3741 qur
861 3679 939 3740 primi
958 3674 1099 3738 imperium
1114 3672 1287 3722 obtinuerunt
1304 3671 1375 3736 apud

229 3741 384 3808 bTrojanr'.]
409 3745 462 3792 Alii
480 3741 496 3792 d
517 3744 627 3802 Romulo
640 3742 770 3794 conditam
791 3741 939 3802 Romanum
952 3741 1023 3808 quod
1033 3739 1143 3806 quidem
1153 3747 1304 3806 verumhest,
1316 3739 1374 3788 sive

195 3812 304 3858 Romam
317 3815 444 3857 asserunt.
464 3813 488 3858 ls
502 3805 581 3869 sorte,
597 3809 669 3874 quod
685 3807 771 3873 primo
794 3813 884 3862 eorum
894 3817 1014 3874 tempora
1025 3805 1171 3862 dllomulo,
1185 3805 1239 3858 sive
1251 3801 1267 3854 a
1277 3803 1372 3858 *Latino

194 3873 306 3940 'rr-ojani
323 3872 523 3936 aedificaverant,
544 3873 681 3937 minusque
700 3875 773 3928 dein·
794 3876 1045 3940 velAEnedrepetss.

194 3941 228 3991 de
242 3941 386 4000 coluerant,
399 3941 524 4002 restituit,
536 3951 564 3992 et
574 3943 657 3992 auxit.
718 3938 722 3944 ’
793 3961 795 3968 ⁴
828 3941 1043 4008 guinimarum]
1059 3941 1152 4002 idest,
1165 3937 1374 4002 praeom'ret'pub·

226 4026 240 4058 c
256 4008 422 4071 Aborigines]
444 4009 577 4071 Irulr'ganae,
596 4007 772 4076 antiquissimi
796 4011 845 4058 licae
859 4025 931 4074 patrna
938 4017 1025 4074 patres
1032 4007 1135 4074 familie
1146 4019 1230 4056 curam
1243 4001 1373 4084 habebant,

193 4076 275 4126 ltaliae
292 4076 390 4138 populi.
794 4079 847 4126 ideo
860 4080 952 4126 Patres
963 4077 1120 4124 uocabantur.
1152 4074 1264 4122 Centum
1277 4066 1341 4120 vero
1355 4085 1374 4126 a

227 4143 246 4192 d
260 4133 317 4191 Scire
329 4139 456 4205 Imperia]
475 4143 592 4202 Mortuo,
605 4140 714 4202 scilicit,
725 4145 773 4193 La·
795 4143 906 4196 Romulo
917 4141 1024 4192 fuerunt
1034 4137 1122 4206 primi
1130 4137 1249 4190 instituti
1259 4145 1374 4200 quorum

193 4207 263 4268 tino,
270 4225 316 4256 sim
329 4223 400 4279 nge.
795 4211 933 4274 progenies
943 4209 1055 4273 patricis
1065 4207 1140 4260 diota*
1148 4214 1204 4256 est:
1223 4215 1372 4323 quanquam

227 4290 240 4320 ‹·.
262 4275 357 4337 begea]
380 4278 463 4322 Acron
477 4279 553 4336 puta,
564 4290 612 4328 rex
623 4273 773 4328 ceninensi-
794 4275 839 4325 alli
849 4277 946 4332 deinde
957 4276 1223 4334 iaeumuu'mcruura
1244 4269 1307 4328 scin
1318 4265 1373 4324 lue·

193 4353 250 4402 um,
258 4342 352 4394 Tatius
364 4341 525 4395 Sabinorum.
757 4369 758 4372 =
795 4349 864 4403 runt,
1309 4343 1310 4346 ’
