3034 5060
205 307 265 366 rae
666 295 920 390 succussu

203 451 272 560 pitu
287 491 467 556 pavescere:
484 470 556 547 alio,
567 483 659 552 atque
675 471 736 534 alio
750 471 821 532 loco
833 465 914 554 sape
927 481 1032 532 contra
1044 467 1141 532 decus
1152 468 1279 550 regium
1295 483 1391 553 noctu

202 562 417 641 requiescere:
441 558 598 619 interdum
616 577 726 640 somno
746 555 867 618 excitus
887 554 1017 636 arreptis
1039 555 1135 617 armis
1157 557 1328 618 tumultum
1339 552 1391 617 la·
1431 599 1435 610 .

204 667 293 710 cere:
311 647 353 706 ita
369 643 548 717 formidine,
563 642 651 723 quasi
665 643 822 716 vecordia,
837 639 1001 722 exagitari.
1040 640 1143 722 Igitur
1156 641 1324 716 Metellus,
1336 641 1390 702 ubi

203 733 244 794 de
256 752 330 792 casu
347 728 544 802 Bomilcaris,
555 727 715 790 etindicio
731 725 885 808 patefacto
896 746 936 786 ex
952 724 1092 807 perfugis
1104 728 1393 808 cognovit,-rursus‚

202 833 365 898 tamquam
387 815 426 876 ad
449 814 604 895 integrum
626 812 755 886 bellum,
772 828 882 874 cuncta
904 827 1002 892 parat,
1017 809 1222 893 festinatque:
1247 812 1393 874 Marium

203 903 386 984 fatigantem
402 900 441 962 de
464 909 477 935 ²
487 897 689 980 proiectione,
703 897 797 958 simul
817 913 849 958 et
871 897 1019 972 invisum,
1035 911 1067 958 et
1081 897 1246 974 offensum,
1261 897 1323 960 sibi
1338 919 1392 980 pa·

202 989 276 1050 reim
294 988 441 1048 idoneum
456 999 552 1059 ratus,
567 985 698 1046 domum
710 983 851 1044 dimittit.
891 980 933 1042 Et
950 981 1059 1042 Romae
1075 981 1192 1063 plebes,
1205 983 1393 1064 literis,quae

203 1075 244 1136 de
262 1071 395 1132 Metello
417 1091 453 1132 ac
477 1070 585 1130 Mario
608 1071 709 1130 missae
732 1083 830 1142 erant,
844 1066 988 1148 cognitis,
1009 1063 1168 1130 *volentia
1183 1069 1222 1130 de
1238 1071 1392 1130 ambobus

203 1171 395 1238 acceperant.
440 1151 797 1238 Imperatori-nobilitas,
812 1173 880 1235 quae
897 1169 986 1214 antea
1002 1152 1108 1214 decori
1122 1152 1225 1216 fuerat
1245 1153 1393 1215 cinvidias

203 1263 293 1306 esse:
316 1259 347 1304 at
362 1241 406 1304 illi
423 1242 511 1303 alteri
532 1237 680 1320 ‘'gencris
696 1239 856 1300 humilitas
872 1238 1012 1300 favorem
1030 1239 1214 1301 addiderat:
1238 1238 1393 1302 caeterum

202 1329 235 1390 in
251 1344 384 1408 utroque
400 1322 502 1408 magis
518 1327 623 1388 studia
638 1326 786 1408 partium,
801 1320 1001 1406 quambona,
1015 1340 1068 1387 aut
1084 1323 1166 1386 mala
1180 1347 1248 1398 sua,
1262 1325 1392 1386 emode·

202 1429 281 1476 rata.
318 1409 472 1478 Praetereir
489 1410 502 1451 f
507 1412 649 1474 seditiosi
666 1410 866 1494 magistratus
881 1410 1010 1490 vulgum
1025 1411 1202 1492 exagitare:
1221 1409 1392 1472 Metellum

202 1499 349 1562 omnibus
369 1497 567 1560 concionibus
590 1495 722 1577 serpitis
745 1516 919 1558 arcessere:
945 1495 1045 1556 Marii
1063 1495 1210 1559 virtutem
1233 1498 1265 1556 in
1289 1495 1392 1577 majus

202 1585 371 1646 celebrare.
417 1583 563 1664 Denique
591 1583 697 1662 plebes
721 1582 767 1642 sic
793 1600 931 1654 accensa,
958 1597 994 1642 ut
1023 1581 1161 1664 opifices,
1185 1596 1391 1664 agrestesque

202 1691 323 1743 omnes,
336 1689 470 1750 quorum
493 1689 554 1742 res,
567 1664 583 1704 ¹¹
594 1667 733 1748 fidesque
757 1667 788 1726 in
804 1667 946 1728 manibus
961 1667 1027 1726 sitae
1041 1681 1137 1744 erant,
1151 1667 1265 1728 relictis
1281 1665 1390 1748 operi·

202 1755 262 1816 bus
283 1753 533 1834 ifrequentarent
556 1751 712 1826 Marium,
727 1766 759 1813 et
779 1772 837 1814 sua
859 1752 1032 1813 necessaria
1051 1767 1121 1836 post
1138 1752 1219 1814 illius
1233 1751 1392 1814 honorem

202 1841 365 1902 ducerent.
409 1837 459 1900 ita
473 1840 613 1921 p'erculsa
629 1838 799 1911 nobilitate,
810 1852 880 1918 post
895 1838 1008 1898 multas
1020 1853 1218 1920 tempestates
1233 1858 1316 1897 novo
1331 1835 1390 1898 ho·

202 1925 282 1986 mini
297 1926 474 1988 consulatus
486 1925 670 1997 mandatur3
686 1939 717 1986 ct
732 1919 837 2006 postei
854 1923 985 2004 populus
997 1919 1014 1982 ὲ
1026 1922 1083 1984 Tr.
1096 1925 1137 2005 pl.
1152 1923 1275 1984 Manlio
1292 1921 1389 1984 Man·

202 2011 269 2071 tino
295 2027 432 2092 rogatus,
454 2031 549 2092 quem
573 2011 665 2071 vellet
687 2030 760 2071 cum
784 2008 938 2090 Jugurthi
961 2009 1076 2070 bellum
1099 2030 1221 2092 gerere,
1242 2007 1391 2088 frequens

204 2095 348 2160 Marium
361 2097 467 2181 jussit.
513 2094 576 2157 Sed
591 2111 715 2158 senatus
730 2094 823 2178 paulo
838 2091 908 2166 ante
928 2095 1060 2158 Metello
1077 2093 1267 2158 Numidiam
1282 2095 1390 2158 decre·

446 2289 462 2318 ὁ

745 2313 861 2362 NOTAE.

238 2463 447 2532 aPrrsectr‘one]
465 2465 509 2515 ‘De
520 2467 569 2526 qua
583 2475 675 2528 supra;
693 2465 787 2515 arebat
806 2481 857 2530 quc
876 2463 904 2515 id
921 2479 1036 2531 unquam
1054 2463 1111 2530 ipse
1127 2465 1193 2517 deus
1206 2467 1324 2534 cogitem
1340 2465 1393 2517 bus

203 2533 274 2584 enim
287 2537 395 2584 Romam
411 2531 554 2598 proficisci,
565 2533 728 2582 consulatum
744 2548 788 2596 pe·
807 2535 884 2584 decet
896 2533 921 2581 in
932 2533 1037 2596 primis,
1047 2534 1094 2598 qui
1107 2542 1225 2586 rectores
1235 2547 1263 2586 et
1274 2533 1394 2584 modera-

202 2602 311 2652 titurus.
806 2608 877 2648 tores
889 2610 959 2658 sunt,
972 2599 1102 2664 sapientia
1119 2602 1252 2665 stupidam
1271 2601 1395 2650 multitu·

236 2669 254 2715 b
276 2663 407 2730 Valentia]
427 2663 644 2729 Quandoquidem
664 2663 719 2713 haec
735 2680 788 2714 vox
807 2665 894 2714 dinem
906 2665 1394 2733 praevertere,utducise,qutidcaeca

203 2735 295 2786 eadem
317 2735 410 2784 eodem
428 2747 514 2790 sensu,
528 2732 559 2779 ab
576 2731 633 2794 ipso
651 2729 786 2792 Sallustio,
807 2741 878 2780 amat
894 2748 945 2782 non
963 2733 1032 2798 cogi,
1045 2730 1117 2798 qudd
1135 2733 1217 2796 libera
1230 2736 1394 2794 detestatur,

203 2803 229 2849 4.
251 2801 426 2857 historiarum,
447 2798 587 2860 reperitur,
606 2797 714 2854 dubium
736 2813 786 2846 non
808 2813 912 2863 semper
936 2807 1087 2866 cognoscat.
1121 2800 1228 2864 Optime
1246 2802 1393 2852 Terentius

203 2874 247 2915 est
259 2868 323 2928 q'uia
340 2868 376 2915 ita
391 2865 535 2928 scripserit.
569 2865 658 2914 Posita
669 2861 732 2913 verri
746 2875 788 2913 est
808 2866 832 2914 in
852 2865 965 2932 quodam
985 2867 1095 2932 prologo
1113 2867 1145 2917 de
1165 2867 1196 2918 iis
1215 2870 1310 2920 amicis
1324 2884 1393 2934 quos

204 2944 254 2998 pro
267 2935 348 2982 Grata
359 2941 403 2980 aut
414 2935 553 2980 Placentia.
571 2930 701 2980 Nimirum
711 2931 786 2995 plebs
809 2931 921 2982 maxime
936 2933 1120 2983 commendare
1131 2935 1244 2993 volebat,

202 2999 350 3054 laetabatur.
375 2995 458 3063 quud,
482 3013 529 3062 per
548 2997 648 3057 literas,
672 3015 730 3062 quae
753 3014 786 3048 ex
847 3000 1155 3066 Quorum‚inquit,operci
1172 3005 1198 3052 in
1214 3004 1393 3068 deliminatis,

204 3068 283 3116 illarii
298 3073 383 3114 mente
396 3067 499 3128 scriptae
511 3075 593 3123 erant,
606 3067 709 3114 occasio
725 3066 787 3113 data
873 3071 900 3114 in
910 3071 1014 3130 negotio.

203 3142 275 3182 esset
285 3133 399 3197 aliquem
411 3148 444 3182 ex
456 3133 511 3181 suis
524 3131 704 3196 promovendi,
715 3131 788 3180 nobi·
843 3133 893 3182 ,luo
916 3139 1018 3196 quisque
1043 3143 1146 3200 tempore
1170 3134 1224 3186 uru’
1251 3147 1289 3185 ert
1312 3137 1392 3188 SINE

138 3235 140 3241 .
204 3199 304 3248 litatem
320 3197 491 3260 deprimendi.
674 3242 681 3251 ,
874 3201 1053 3250 suestram.

238 3282 254 3314 c
265 3265 386 3325 Invidia]
399 3267 465 3322 Quia
473 3275 533 3314 tunc
543 3263 633 3328 plebes
641 3262 703 3328 plus
714 3272 788 3328 pote·
840 3263 855 3314 f
866 3265 1002 3330 Scatebra]
1023 3267 1147 3328 Tribuni,
1162 3267 1274 3328 scilicet,
1290 3269 1336 3335 qui
1355 3271 1394 3321 ad

203 3340 256 3392 rat,
268 3333 311 3382 cni
321 3331 467 3383 nobilitatis
477 3331 621 3380 dominatio
632 3333 715 3380 invisa
723 3341 786 3382 erat.
807 3333 967 3382 seditionem
977 3344 1005 3384 et
1017 3334 1177 3386 discordiam
1190 3331 1297 3386 tantum
1307 3339 1394 3388 creati

237 3399 386 3460 dGenen'r]
398 3397 498 3446 Marius
507 3397 599 3446 humili
611 3399 667 3448 loco
675 3399 737 3464 quia
745 3415 788 3448 na-
807 3399 889 3450 t'uisse
900 3399 1031 3450 videntur.

204 3470 249 3516 tus
262 3475 328 3523 erat,
338 3465 398 3515 ideo
411 3461 427 3514 ὲ
441 3464 515 3527 plebe
528 3463 614 3530 magis
628 3467 769 3516 amabatur.
842 3483 859 3532 g
874 3466 993 3531 Captae]
1015 3467 1045 3518 td
1057 3472 1109 3529 est,
1122 3469 1218 3518 Earum
1231 3486 1316 3519 rerum
1325 3483 1395 3522 reum

237 3550 252 3582 e
263 3532 417 3594 Moderata]
428 3533 456 3582 ld
465 3541 514 3592 est,
523 3549 570 3582 nan
579 3543 627 3582 tarn
638 3550 670 3582 ex
680 3539 788 3597 uranicae
800 3534 899 3598 facere,
915 3545 938 3583 et
956 3537 991 3584 ad
999 3537 1109 3599 populum
1119 3551 1245 3596 aecrcaure,
1258 3554 1292 3585 erc
1305 3540 1395 3600 quibus

203 3603 314 3658 virtutis,
325 3612 367 3650 aut
378 3603 498 3658 acerreae,
508 3617 550 3648 eeu
559 3601 664 3662 atterere,
674 3619 716 3650 seu
726 3603 787 3648 Ma·
797 3603 798 3620 ¹
807 3603 916 3660 libertae,
928 3605 1048 3666 digrritaa,
1062 3605 1159 3662 civiter,
1168 3607 1304 3654 nitentium
1315 3621 1395 3666 quun·

204 3671 248 3723 nii,
257 3669 323 3728 plebs
336 3679 378 3715 erut
391 3669 503 3717 nobilitor
515 3670 624 3725 Metella,
637 3671 677 3716 nel
688 3669 788 3727 Marso,
807 3671 885 3729 doqrre
898 3672 1031 3717 amittatur.
1058 3698 1068 3716 .

198 3731 306 3798 jirnebut
316 3744 360 3780 erut
372 3737 489 3790 accedun
509 3734 581 3796 purim
595 3737 661 3796 qnia,
671 3743 786 3798 armpra-
828 3735 858 3788 ‚lt
870 3735 1013 3798 Fiderque]
1026 3737 1077 3784 llic
1089 3736 1175 3818 positu
1187 3742 1229 3787 est
1241 3752 1289 3800 pro
1302 3736 1396 3790 fructu

205 3803 308 3858 minere,
318 3801 377 3847 cilios
391 3803 532 3864 deprimere,
546 3805 694 3864 ringrrtrrunr
708 3807 787 3859 enimn
808 3817 885 3866 quem
899 3806 958 3866 quis
971 3803 1102 3865 praecipue
1117 3819 1151 3852 ex
1165 3819 1228 3866 agro
1241 3819 1288 3854 suo
1299 3805 1396 3856 decer·
1478 3837 1484 3854 .

201 3863 301 3932 perutile
318 3869 448 3914 insederat.
483 3868 559 3915 istud
574 3864 637 3916 verb
656 3865 732 3932 cnjus
751 3868 793 3918 sit·
809 3869 856 3931 pit,
869 3882 912 3930 qm
925 3868 1042 3919 fideliter
1054 3885 1113 3918 cum
1127 3869 1242 3919 fructum
1255 3872 1396 3936 producit,

204 3931 331 3982 momenti
340 3945 415 3980 tremo
426 3944 475 3980 nott
489 3933 576 3989 videm
587 3945 616 3982 ut
625 3935 712 3983 mirari
727 3935 787 3982 sub·
808 3937 904 3998 cuique
918 3935 962 3984 ille
972 3935 1040 3986 fidit.
1065 3938 1164 3987 Eodem
1177 3935 1253 4001 plane
1263 3939 1342 3988 modo
1354 3939 1397 3989 lo·

204 4009 258 4056 eat,
280 3997 412 4063 quomodo
431 4008 482 4048 tum
500 4000 544 4048 diu
571 4000 720 4062 respublica
740 4004 789 4049 lto·
809 4002 899 4066 quitur
909 4005 971 4052 Hor.
983 4003 1032 4052 0d.
1046 4003 1085 4052 16.
1101 4004 1118 4053 l.
1131 4007 1156 4056 3.
1185 4004 1253 4053 Gall.
1265 4005 1395 4064 dicimus,

204 4081 281 4115 mana
290 4079 349 4115 cum
361 4063 411 4131 ltdc
420 4074 494 4128 peste
506 4073 575 4116 stare
585 4068 710 4131 potuerit.
724 4071 790 4116 Cau·
809 4071 879 4118 Dant
891 4079 943 4118 taut
955 4072 976 4118 le
993 4073 1046 4120 br'en
1058 4081 1082 4119 et
1096 4081 1147 4120 tout
1164 4074 1185 4120 le
1199 4088 1291 4122 reveren
1304 4079 1397 4124 concis·

204 4149 233 4184 sa
246 4133 340 4186 rnorbi,
349 4131 481 4196 superbia,
490 4139 544 4181 tum
556 4133 722 4198 populorum,
731 4142 787 4182 tum
809 4140 852 4185 tait
863 4139 924 4186 cluna
935 4140 957 4184 le
966 4142 1060 4186 travail
1070 4141 1098 4188 de
1110 4141 1176 4187 leurs
1186 4143 1271 4188 racina

203 4201 414 4263 magistratuum.
443 4198 787 4263 Setl,quandoitanatisu-
842 4202 1083 4266 iFreqnentnrerrt]
1109 4207 1168 4266 Non
1188 4201 1340 4270 quodcum
1361 4222 1394 4260 eo

204 4279 262 4314 mus
274 4282 374 4325 omnes,
388 4273 417 4314 ut
434 4266 585 4330 nequidem
603 4267 636 4318 ad
655 4283 785 4316 summum
807 4279 911 4318 essent:
930 4270 963 4320 ad
980 4269 1085 4320 domum
1105 4273 1164 4337 ejus
1179 4271 1395 4334 obambulabant,

203 4329 300 4386 bonum
313 4333 457 4386 ullomodo
470 4333 528 4400 cogi
545 4334 731 4396 sustineamus,
745 4351 786 4386 ne-
807 4351 868 4388 cum
884 4337 1067 4402 sequebantur,
1080 4333 1127 4392 ito.
