3034 5060
442 253 645 320 BELLUM
669 253 1052 322 CATILl-NARIUM.
1297 269 1334 324 tt

199 430 223 463 “
241 427 378 494 Parvum
390 449 449 512 rgo
464 444 508 507 te,
520 429 689 515 Jugurtiaa,
703 441 717 468 ²
726 432 842 494 smisso
856 447 954 518 patre,
971 433 1037 496 sine
1053 451 1119 514 spe,
1134 433 1200 496 sine
1214 431 1339 516 opibus,

145 513 171 546 “
192 513 211 554 b
225 517 256 578 in
272 537 373 578 meum
388 537 519 598 regnum
533 517 649 599 accepi,
662 519 843 580 existimans
854 541 914 580 non
933 517 1038 582 minits
1053 537 1102 582 me
1119 521 1186 589 ribi,
1201 517 1294 604 quim
1311 521 1338 592 si

142 601 170 632 “
193 611 208 640 ⁰
220 603 405 684 genuissem,
424 605 465 664 ob
480 603 630 665 beneficia
651 609 756 664 carum
773 601 860 676 fore;
888 627 989 688 neque
1007 627 1043 666 ea
1064 627 1113 666 res
1130 600 1269 668 ‘llalsum
1286 627 1339 670 me

144 687 173 762 ‘f
196 690 311 752 habuit.
345 687 431 750 Nam
448 702 482 750 ut
498 691 557 751 sliu
572 709 684 770 magna
697 705 729 749 et
744 689 872 772 egregia
889 693 981 754 ¹⁸tua
997 692 1152 766 omittam,
1167 689 1337 754 novissime
1365 685 1372 714 '

143 771 173 804 ‘⁸
194 777 315 838 rediens
329 772 514 848 Numantii,
531 795 656 854 meque,
672 795 867 858 regnumque
886 797 1001 853 insum,
1013 777 1109 858 gloriis
1125 775 1338 854 honoravisti5

140 855 167 888 ‘⁴
190 863 304 942 tuique
320 863 436 923 virtute
459 861 547 922 nobis
569 859 728 921 Romanos
744 881 784 921 ex
805 861 914 924 amicis
935 863 1143 924 amicissimos
1159 859 1282 937 scetem
1307 865 1338 926 in

141 945 169 976 “
192 945 345 1030 Hispaniis
360 964 475 1006 nornen
491 945 615 1007 familiae
637 943 838 1010 ‘renovatum
857 963 923 1010 est:
947 947 1118 1032 postremo,
1134 949 1219 1032 quod
1235 955 1251 997 Β
1260 948 1339 1012 diffi-

138 1027 164 1061 “
187 1032 339 1094 eillimurn
361 1030 441 1091 inter
457 1033 603 1096 mortales
619 1047 676 1107 est,
691 1033 789 1114 gloriis
805 1033 958 1096 iuvidiam
974 1031 1088 1096 vicisti.
1134 1033 1243 1110 Nunc,
1259 1056 1338 1118 quo·

138 1115 164 1146 “
186 1119 272 1182 niam
291 1117 370 1180 mihi
384 1131 492 1178 natura
510 1117 601 1180 finem
619 1119 690 1179 vitae
703 1119 788 1194 tacit,
798 1139 854 1202 per
868 1115 972 1181 hhanc
985 1119 1140 1198 dextram,
1156 1142 1211 1202 per
1225 1121 1338 1204 'regni

140 1201 170 1237 ‘⁶
191 1204 288 1266 fidem
301 1221 424 1274 moneo,
436 1205 649 1284 obtestorque,
664 1196 712 1262 uti
726 1201 796 1278 hos,
811 1205 865 1284 qui
878 1205 934 1266 tibi
946 1225 1059 1288 genere
1076 1207 1253 1288 propinqui,
1266 1203 1338 1270 lbe-

140 1283 170 1323 “
189 1287 304 1350 neficio
326 1306 398 1350 meo
414 1284 525 1350 fratres
545 1303 628 1364 sunt,
643 1307 731 1349 caros
752 1287 886 1362 habeam
910 1310 969 1350 neu
986 1289 1076 1350 malis
1095 1291 1212 1352 alienos
1227 1291 1338 1376 adjun-

141 1377 171 1408 “
190 1394 275 1456 gere,
289 1371 382 1456 quim
401 1374 551 1456 sanguiue
573 1374 755 1457 conjunctos
772 1373 914 1438 retinere.
963 1373 1039 1436 Non
1055 1373 1222 1452 exercitus,
1236 1397 1338 1459 neque

146 1459 173 1492 “
190 1459 338 1534 thesauri,
354 1459 497 1542 praesidia
509 1459 596 1541 regni
613 1477 695 1533 sunt,
707 1457 820 1520 verism
838 1459 951 1522 amici:
969 1480 1047 1542 quos
1064 1481 1165 1542 neque
1177 1461 1273 1524 armis
1287 1484 1338 1525 co-

145 1547 171 1578 “
189 1565 274 1626 gere,
288 1565 388 1628 neque
405 1564 481 1606 auro
497 1566 604 1627 parare
617 1565 725 1626 queas,
740 1543 841 1606 officio
853 1561 884 1606 et
900 1547 962 1610 fide
979 1547 1152 1628 pariuntur.
1188 1543 1272 1620 Quis
1284 1569 1339 1610 su·

143 1634 168 1664 “
185 1645 249 1692 tem
266 1631 408 1704 amicior,
423 1626 518 1710 quim
534 1627 630 1694 frater
646 1627 756 1692 fratri?
781 1631 852 1694 Aut
867 1653 962 1716 quem
982 1631 1118 1694 alienum
1137 1631 1235 1696 fidum
1252 1634 1339 1694 inve·

145 1719 168 1750 ‘⁶
187 1715 264 1791 nies,
276 1716 303 1776 sl
319 1718 382 1778 tuis
400 1717 500 1776 hostis
519 1713 637 1777 lucris?
662 1715 823 1798 Equidem
841 1739 901 1800 ego
921 1737 1053 1800 regnum
1068 1717 1159 1780 vobis
1178 1719 1270 1780 trado
1286 1717 1338 1782 fit·-

146 1807 168 1836 “
185 1819 286 1873 mum,
300 1801 327 1860 si
344 1801 416 1861 boni
440 1801 547 1870 eritis;
571 1801 598 1860 si
618 1801 704 1876 mali,
720 1801 923 1864 imbecillum.
969 1801 1055 1863 Nam
1078 1801 1338 1866 *concordiens
1400 1843 1407 1854 -
1453 1823 1466 1852 -·

148 1889 169 1930 ‘i
185 1905 287 1968 parvae
311 1898 464 1960 crescunt,
483 1883 640 1946 discordia
665 1883 807 1946 maximae
829 1884 1038 1948 ¹dilabuntur.
1084 1883 1243 1950 Caeterdm
1266 1906 1338 1952 ante

146 1975 167 2006 “
183 1969 242 2036 hos
258 1970 321 2049 ³te,
335 1967 502 2052 Jugurths,
518 1969 592 2052 quia
609 1984 710 2042 aetate,
725 1985 757 2030 et
772 1971 922 2054 supientii
934 1969 1019 2053 prior
1034 1991 1079 2050 es,
1096 1991 1134 2031 ne
1150 1973 1240 2034 aliter
1257 1975 1335 2056 quid

589 2143 891 2192 lNTERPRETATlO.

187 2255 211 2291 ²·
230 2251 312 2314 Nom
337 2264 372 2312 stt
399 2250 524 2313 silentio
548 2263 731 2334 preteream
795 2252 811 2288 ²
835 2251 946 2316 Momo
962 2265 1023 2336 per
1032 2249 1132 2338 fidem
1151 2273 1218 2339 que
1242 2275 1339 2340 regns

145 2341 208 2402 ulia
228 2351 283 2400 tua
303 2358 428 2420 magna,
448 2348 478 2399 st
499 2341 629 2420 egregia
643 2337 730 2422 suci·
753 2337 886 2402 debetur.

145 2439 242 2491 notai
290 2433 292 2438 ’
753 2424 980 2570 h³Coeteritm
1000 2439 1029 2489 te
1050 2427 1142 2504 decet,
1148 2427 1225 2509 plits
1245 2425 1339 2514 qttcim

775 2529 817 2572 os.

684 2639 800 2689 NOTAE.

176 2747 320 2812 susurra]
331 2748 506 2811 Mensstsble,
517 2745 630 2800 seilicet.
750 2752 888 2818 iugurthae
900 2765 1004 2804 menum
1017 2753 1145 2815 tenuisse,
1153 2751 1221 2816 dum
1232 2751 1287 2806 lure
1299 2751 1339 2806 dt·

177 2818 195 2866 b
205 2819 237 2868 Iu
248 2817 341 2880 meum]
355 2817 384 2866 ld
393 2818 514 2876 eatstan
524 2817 591 2870 ruodo*
600 2822 627 2866 s'n
636 2821 730 2881 regium
750 2827 833 2868 ccret.

143 2888 244 2944 induxi,
258 2888 301 2934 sed
312 2887 379 2934 cultu
390 2896 415 2934 et
427 2893 468 2950 spe
480 2900 533 2934 cum
543 2885 610 2948 filiis
620 2891 678 2934 mets
690 2889 730 2934 ed·
787 2883 951 2950 iBenefieis.]
963 2887 1039 2948 Qtsitr,
1049 2887 1184 2947 videlicet,
1196 2888 1220 2938 in
1234 2895 1336 2952 partem

144 2957 199 3002 dem
216 2956 300 3000 ertuxs'.
752 2959 779 3001 et
788 2955 862 3020 regni
870 2955 1212 3022 lraereditstemiugurthsm
1220 2955 1338 3018 Micipss

177 3034 193 3067 c
210 3013 375 3080 Genrsisssm]
392 3017 432 3067 Te
445 3016 548 3082 supple.
752 3029 945 3084 assumpserst;
963 3029 1042 3086 etque
1054 3037 1102 3085 pro
1115 3019 1171 3070 filio
1184 3021 1319 3070 hebuerst.

177 3085 196 3133 d
210 3083 329 3146 Fatum]
349 3085 378 3134 ld
394 3093 443 3144 est,
465 3087 505 3133 'I'u
522 3087 580 3134 milri
593 3101 683 3136 revera
699 3103 730 3136 ec
784 3085 803 3136 k
816 3083 976 3150 Concordia]
987 3088 1087 3138 Scitum
1097 3093 1140 3138 est
1148 3088 1219 3153 quod
1227 3087 1336 3153 quidem

143 3157 223 3202 omnia
237 3155 383 3215 prestitisti,
402 3169 454 3218 quae
466 3150 484 3202 ri
497 3153 553 3216 filio
566 3159 670 3218 pessunt
692 3171 729 3202 re·
750 3153 824 3214 tecit,
838 3165 866 3204 ut
886 3154 1053 3204 concordiam
1067 3153 1145 3215 idios,
1159 3169 1225 3220 quos
1240 3169 1335 3222 magno

139 3223 200 3286 peti.
750 3233 859 3271 numero
873 3221 977 3282 habuit,
989 3221 1127 3272 edoceret:
1145 3221 1273 3288 Sagittae,
1287 3235 1337 3286 pro

175 3304 189 3336 e
205 3283 287 3350 Tuo]
305 3287 376 3334 Nota
386 3285 498 3350 phrases
510 3283 641 3349 ejusmodi
653 3285 728 3352 ellip·
748 3303 840 3338 eurum
853 3303 961 3338 numero
979 3289 1102 3354 sumpsit,
1115 3303 1181 3356 qnss
1200 3290 1226 3338 in
1238 3287 1337 3340 lucico-

142 3354 222 3404 ticss:
246 3353 573 3404 vtmnabcnsmaximam.
609 3357 647 3402 lta
664 3349 725 3404 crim
750 3357 803 3404 lum
822 3355 959 3420 colligatos
979 3355 1073 3419 cuique
1093 3355 1253 3420 rumpendas
1276 3369 1337 3420 pot·-

142 3420 213 3484 spud
226 3419 392 3480 Terentium,
404 3429 481 3484 pater
496 3417 579 3468 lilium
593 3429 669 3469 voest
683 3435 727 3470 om·
749 3425 835 3478 rexit;
853 3421 925 3487 quod
939 3423 979 3472 illi
996 3419 1056 3471 edm
1074 3423 1264 3488 acquisissent,
1277 3422 1336 3486 ipse

142 3493 219 3545 stium,
229 3483 288 3549 pllss
299 3497 341 3536 est
353 3485 431 3550 quim
445 3487 468 3536 si
482 3485 726 3547 sceleratissimum,
749 3487 866 3551 singulas
877 3490 987 3538 seorsim
997 3489 1070 3538 nullo
1080 3487 1188 3554 negotio
1231 3481 1336 3554 rsreg'rt.

141 3561 188 3603 sut
206 3553 330 3618 quopiam
349 3555 433 3602 atroci
449 3553 500 3602 slio
519 3555 622 3602 nomine
640 3557 726 3618 appel·
750 3560 841 3620 ltaque
860 3569 936 3606 omne
955 3556 1026 3620 quod
1045 3561 1096 3614 est,
1109 3561 1164 3603 tum
1202 3555 1230 3604 iu
1247 3565 1336 3609 manet

140 3621 236 3679 luisset,
249 3617 308 3668 crim
320 3619 460 3684 quodlibet
472 3620 586 3685 intelligi
599 3633 696 3684 posset.
749 3633 827 3688 atque
840 3621 972 3680 subsistit,
984 3619 1063 3688 quim
1078 3635 1156 3670 naum
1169 3631 1224 3670 est:
1243 3621 1337 3674 interit

174 3688 189 3737 f
197 3685 376 3748 muscetum]
401 3689 457 3736 Hoc
476 3687 550 3750 dicit,
567 3689 630 3753 quis
645 3689 725 3738 Masi·
749 3689 854 3754 quando
864 3689 987 3744 solvitur,
998 3697 1043 3737 aut
1056 3703 1135 3737 unum
1149 3703 1208 3741 esse
1220 3685 1330 3745 desiuit.

142 3756 213 3805 nisss
225 3753 310 3804 multa
322 3751 445 3818 preclari
462 3767 582 3822 gesserat
595 3753 619 3804 in
634 3755 726 3820 Hispa·
783 3757 792 3805 l
805 3757 967 3810 Dilobusstur',
1005 3755 1125 3812 Percurre,
1139 3757 1185 3804 sed
1198 3756 1278 3806 scrut
1288 3771 1335 3808 sx-

141 3824 184 3872 nis
197 3821 324 3872 adversus
341 3823 479 3876 Rom-snos.
496 3821 649 3888 priusquam
665 3839 724 3874 eum
748 3819 924 3886 p1·cssit.cdm
938 3823 964 3870 di
1005 3820 1133 3886 ipraecise
1149 3830 1225 3872 notst
1236 3827 1335 3938 ἐπάραν-

142 3889 273 3954 Scipione,
285 3889 443 3937 societatem
456 3889 541 3938 iniret.
741 3895 785 3952 ¹tes
794 3894 880 3940 uarios
890 3891 967 3942 obire,
979 3889 1047 3950 qnod
1059 3903 1092 3940 ex
1104 3905 1131 3940 se
1141 3897 1170 3938 et
1180 3890 1257 3938 imme
1279 3886 1332 3938 iste

174 3973 192 4022 g
207 3953 406 4020 Difficillimum]
430 3955 555 4008 Omuino:
569 3970 627 4006 nam
641 3963 671 4006 ut
684 3957 727 4008 ha·
741 3955 823 4020 'pontt
843 3957 924 4006 totius
947 3955 1161 4008 destructionem.
1195 3955 1273 4004 Tsnu
1290 3962 1338 4006 ess

142 4019 188 4070 bet
201 4024 344 4088 Horatius,
750 4021 821 4073 certi
836 4024 898 4073 unio
913 4025 938 4072 in
952 4023 1072 4072 universa
1085 4023 1179 4072 natur-l
1193 4029 1222 4070 ut
1237 4021 1278 4070 vel
1295 4023 1334 4088 ip.

340 4090 395 4138 Ilm
405 4093 417 4136 !
430 4088 519 4152 nefus!
748 4095 806 4140 'sum
817 4105 910 4140 nomen
923 4091 1010 4140 nescio
1023 4089 1089 4156 quid
1102 4087 1190 4139 blandi
1201 4093 1228 4134 et
1237 4085 1334 4154 jucun.

209 4159 326 4206 Virtutem
340 4159 480 4206 incolumem
492 4161 593 4216 odisses,
749 4159 775 4206 (li
788 4159 885 4222 sapitur
898 4156 994 4206 divisio
1004 4165 1095 4207 contra
1103 4156 1227 4208 lacerate.
1238 4159 1267 4206 et
1275 4167 1332 4206 om-

160 4249 162 4258 ,
210 4225 335 4273 Sssblutum
345 4241 379 4272 cx
391 4227 467 4272 scrrls'r
476 4228 613 4287 qimi-imur,
623 4227 708 4274 invidi.
750 4241 780 4276 ue
794 4225 892 4276 malum
902 4221 1062 4290 portendere
1073 4223 1204 4272 videatis.

174 4289 193 4339 lt
206 4290 294 4352 Harrei
313 4290 518 4358 Intelligendum
531 4302 573 4342 est
585 4294 724 4358 Micipsam

927 4375 948 4416 L
