3034 5060
420 311 623 380 uutuuut
647 311 1022 397 Juuuurutuunr.
1249 319 1309 378 127

24 495 25 562 j
128 505 218 566 crat;
241 483 353 552 nullius
367 486 486 550 idonce
501 487 547 550 rei
564 507 659 570 egens
669 512 679 560 t
701 484 797 552 armis
811 485 949 568 virisque
968 485 1161 568 opulentum.
1205 485 1309 571 Igitur

24 591 25 596 ’
129 576 284 639 Metellus
299 595 353 657 pro
368 589 508 656 tempore
524 588 617 653 atque
637 574 705 635 locu
721 573 834 657 paratis
849 575 952 648 rebus,
967 585 1078 634 cuncta
1093 572 1204 636 rnoeniu
1218 595 1307 636 exer·

131 663 199 724 cit'u
213 658 432 723 circumvenit:
449 659 561 739 legatis
576 658 719 740 imperat,
733 658 786 720 ubi
802 658 935 740 quisque
950 673 1081 720 curaret.
1110 657 1206 734 Dein,
1218 659 1309 741 siguo

131 745 216 822 dato,
232 747 367 828 undique
380 744 475 806 simul
486 744 602 804 clamor
613 744 722 826 iugens
733 744 842 822 oritur,
853 763 954 824 utque
966 764 1002 806 ea
1013 764 1062 806 res
1076 742 1235 806 Numidas
1247 760 1309 807 ter·

129 847 194 894 ret:
212 831 323 893 infensi
339 829 510 910 intentique
526 829 593 890 siue
603 831 740 892 tumultu
752 843 895 892 mactent:
912 829 1051 912 proeliutn
1063 829 1219 910 incipitur.
1243 829 1309 892 Ro-

23 977 24 986 ,
127 917 212 982 mani
227 938 284 1000 pro
298 914 425 996 ingenio
440 914 584 996 quisque,
599 933 669 995 pars
684 915 808 978 eminus
828 913 1040 996 *glaude,=aut
1055 913 1211 994 lapidibus
1230 937 1310 1000 pug-

23 1035 24 1044 ¹
125 1022 220 1066 nare:
236 1000 395 1063 bevadere
411 999 474 1076 alii,
483 999 535 1062 alii
550 1001 729 1076 succedere,
738 1019 774 1062 ac
790 1020 916 1063 murum
930 998 1027 1062 modo
1043 999 1230 1078 “suffodere
1242 1021 1310 1064 ruu-

23 1097 25 1142 1
128 1085 172 1150 db
188 1087 281 1152 scalis
297 1085 437 1182 aggredi,-
452 1105 565 1167 cupere
580 1085 722 1170 proelium
738 1086 897 1146 ²mauibus
912 1084 1027 1148 lacere.
1073 1083 1188 1148 Contra
1200 1107 1239 1150 ea
1251 1107 1309 1169 op·

23 1161 25 1228 ἷ
125 1173 234 1255 pidani
257 1172 290 1232 in
312 1190 471 1252 proximos
491 1171 726 1244 saxavolvere,
744 1169 850 1246 sudes,
868 1169 941 1252 pila,
956 1187 1103 1252 preterea
1117 1171 1184 1251 pios
1200 1185 1232 1234 et
1246 1173 1310 1236 sul·

23 1277 25 1308 t
124 1257 226 1339 phure
241 1256 355 1320 taedam
376 1256 535 1330 ²mistum,
548 1255 689 1316 ardentia
702 1255 837 1316 mittere.
881 1255 945 1318 Sed
960 1277 998 1316 ne
1014 1257 1083 1316 illus
1099 1256 1238 1334 quidem,
1252 1259 1310 1339 qui

124 1343 237 1424 procul
253 1355 438 1418 manserant,
449 1339 547 1402 timor
559 1340 655 1406 animi
670 1336 746 1402 satis
762 1339 958 1402 muniverat.⁴
984 1340 1070 1402 Num
1086 1341 1248 1422 plerosque
1259 1347 1310 1425 ja·

126 1429 210 1504 cula,
231 1423 417 1488 dtormentis
439 1439 493 1499 aut
514 1445 610 1486 manu
632 1425 758 1502 emissa,
774 1426 992 1498 vulnerabaut;
1015 1425 1143 1508 parique
1163 1426 1312 1508 periculo,

23 1559 31 1592 ¹.
125 1513 185 1575 sed
199 1505 303 1572 tfamt
318 1511 441 1595 impari,
455 1510 527 1572 boni
543 1525 635 1591 atque
652 1511 867 1596 ignarierantt
911 1511 1000 1578 Dum
1016 1513 1099 1594 apud
1116 1509 1250 1576 Zautttm
1265 1511 1312 1574 sic

23 1655 25 1680 ,
124 1612 273 1675 certatur,
283 1595 439 1678 Iugurtha
454 1616 494 1658 ex
505 1595 678 1678 improvisu
688 1611 788 1662 castra
799 1596 938 1660 hostium
949 1617 1021 1659 cum
1034 1599 1146 1681 maguti
1157 1615 1252 1661 mauu
1263 1599 1310 1660 iu-

23 1681 25 1756 5
123 1683 231 1745 vadit:
255 1683 405 1758 remissis,
420 1681 474 1762 qui
495 1681 527 1742 iu
548 1680 696 1762 praesidio
711 1697 809 1761 eraut,
822 1697 854 1744 et
873 1683 978 1744 omnia
993 1678 1106 1766 magis,
1122 1679 1216 1766 quim
1232 1704 1311 1766 proe·

124 1767 217 1844 lium,
231 1767 475 1848 expectantibus,
495 1762 636 1845 sportam
651 1767 806 1847 irrumpit.
851 1766 899 1838 At
919 1768 1029 1842 nostri,
1043 1769 1206 1851 repentino
1223 1785 1311 1832 metu

124 1851 274 1934 perculsi,
286 1851 348 1912 *sibi
363 1850 496 1931 quisque
505 1869 571 1931 ‹pro
590 1850 729 1915 moribus
746 1851 929 1912 consulunt:
953 1852 1005 1912 alii
1020 1851 1141 1932 fugere,
1155 1854 1208 1916 alii
1223 1873 1311 1918 eruta

125 1957 259 2020 caperet
283 1955 396 2018 magna
410 1953 481 2016 pars
496 1933 659 2013 vulnerati,
675 1949 729 1996 aut
747 1936 854 1997 occisi.
899 1935 1057 1998 Ceterum
1073 1956 1114 1997 ex
1130 1937 1215 1998 omui
1229 1942 1311 2002 mul-

124 2021 262 2085 titudiue
278 2041 340 2082 uon
354 2017 490 2102 amplius
499 2020 705 2100 quadraginta
716 2041 873 2088 memores
888 2021 1046 2082 8nominis
1058 2019 1311 2104 Romani,gtege

124 2105 220 2186 sacto,
229 2107 332 2168 locum
344 2125 454 2188 cepere
464 2106 569 2188 psuld,
579 2103 674 2186 quim
690 2105 754 2181 alii,
768 2105 954 2168 editiorem:
970 2127 1072 2187 neque
1086 2105 1160 2170 iude
1175 2108 1313 2172 maximi

23 2207 25 2220 '
124 2194 159 2254 vi
182 2193 295 2274 depelli
318 2191 504 2272 quiverunt:
530 2191 587 2252 sed
609 2192 670 2254 tela
692 2191 814 2254 eminus
836 2193 931 2254 missa
952 2195 1122 2270 remittere,
1142 2194 1233 2274 pauci
1255 2189 1314 2256 bin

125 2276 267 2360 pluribus
283 2276 389 2340 miuus
402 2275 556 2340 frustrati:
573 2278 621 2338 siu
638 2275 790 2338 Numidae
807 2274 936 2360 propius
952 2279 1163 2355 accessissent,
1178 2277 1221 2340 ibi
1234 2280 1311 2342 verb

124 2364 276 2426 virtutem
291 2363 466 2440 ostendere,
478 2377 509 2424 et
524 2382 578 2422 eos
593 2361 729 2428 maximi
744 2359 776 2423 vi
792 2363 922 2440 eaedere,
932 2361 1075 2439 fundere,
1086 2380 1178 2445 atque
1190 2363 1310 2446 fugare.

31 2471 36 2486 ·
126 2439 260 2512 Iriterim
277 2447 440 2522 Metellus,
455 2445 531 2510 cum
552 2444 704 2511 acerrime
727 2468 796 2510 rem
818 2465 951 2530 gereret,
966 2449 1134 2512 clamorem
1149 2465 1182 2514 et
1195 2453 1311 2512 tumul·

62 2525 69 2536 ’
125 2548 196 2598 tum
218 2534 363 2596 hostilem
386 2530 404 2592 t
426 2547 515 2614 tergo
536 2533 676 2614 accepit:
700 2533 785 2609 deiu,
806 2553 957 2596 converso
977 2553 1071 2614 equo,
1092 2536 1313 2598 animadvertit

125 2618 236 2701 fugam
254 2620 343 2682 adse
359 2639 484 2680 versum
501 2617 579 2697 fieri,
596 2639 663 2699 quae
679 2640 729 2681 res
744 2619 901 2682 iudicabat
913 2621 1070 2706 popularis
1085 2641 1164 2680 esse.
1209 2619 1312 2700 Igitur

125 2705 303 2786 equitatum
325 2724 450 2776 omnem
472 2705 512 2768 ad
535 2719 634 2766 castra
656 2700 788 2788 propere
810 2705 918 2782 mittit,
931 2711 966 2768 ac'
989 2703 1091 2768 statim
1112 2704 1151 2766 C.
1167 2704 1312 2769 Marium

23 2847 24 2850 ,
125 2811 200 2852 cum
220 2789 399 2852 cohortibus
420 2788 596 2860 sociorumt
620 2811 755 2871 eumque
777 2791 952 2868 lacrimans,
968 2811 1023 2874 per
1045 2789 1226 2868 amicitiam,
1241 2813 1310 2874 per-

23 2941 25 2954 ,
127 2897 193 2956 que
214 2875 397 2956 rempublic.
412 2875 564 2950 obsecrat,
579 2895 619 2937 ue
633 2895 728 2956 quam
750 2878 970 2942 coutumeliam
992 2895 1152 2938 remanere
1173 2877 1204 2938 in
1222 2897 1310 2939 exer-

23 2955 25 2966 ’
126 2960 194 3022 citu
209 2960 338 3037 victore,
352 2979 430 3022 nete
445 2957 550 3026 hostes
565 2958 680 3026 inultos
692 2961 778 3024 abire
792 2963 884 3024 sinat.
912 2963 970 3026 Ille
985 2963 1073 3024 brevi
1088 2963 1233 3024 mandata
1247 2964 1310 3024 effi·

547 3147 551 3156 ’
569 3149 870 3200 INTERPRETATIO.

169 3319 375 3401 ²Capiebunt
400 3321 534 3382 cominus
552 3332 709 3406 pugnare,
772 3321 785 3356 ²
842 3319 1125 3403 zttrbuntproeterea
1140 3319 1232 3382 rudus
1241 3320 1312 3402 pice
1368 3335 1373 3352 ¹

125 3418 452 3478 etmauusconeerere·
662 3431 666 3442 ⁴
731 3417 760 3468 et
773 3407 919 3491 salutare
932 3407 1083 3470 obductas.

652 3595 770 3647 NOTAE.

159 3763 175 3796 a
191 3745 306 3809 Glande]
329 3746 467 3798 Plumbum
487 3755 544 3798 erat
561 3749 586 3799 iu
605 3747 710 3814 glandis
764 3747 892 3812 eFumtt]
916 3747 1059 3806 Videlicet,
1071 3761 1120 3798 nou
1133 3749 1150 3797 ii
1163 3749 1312 3808 laucbtntur,

124 3813 232 3864 modum
240 3812 368 3872 effictum,
377 3813 544 3878 quudfuudis
551 3815 711 3882 jaciebatur.
728 3816 776 3879 qui
788 3818 814 3865 iu
833 3817 959 3876 latibulis,
971 3815 1015 3866 vel
1026 3815 1157 3884 fugientes
1176 3819 1313 3867 inhonesta

158 3881 176 3930 b
189 3879 329 3944 Euadne]
350 3878 465 3941 Scilicet,
475 3885 522 3948 qui
534 3885 626 3933 labore
636 3882 710 3942 fessi,
730 3883 837 3936 vulnera
848 3885 990 3946 accipiunt.

23 3943 25 3968 '
124 3954 172 3996 aut
193 3949 225 3996 ab
246 3949 368 4012 {ructibus
393 3947 521 4000 vulnerati
544 3957 622 4009 suut,
639 3965 710 4000 sece-
762 3949 777 3998 f
790 3949 913 4011 Portum]
934 3953 1096 4010 Castrorum,
1114 3950 1228 4008 scilicet,
1249 3949 1312 3998 alle·

23 4015 24 4026 *
125 4013 206 4070 dunt;
219 4015 261 4064 alii
278 4015 304 4064 iu
316 4029 410 4064 eorum
423 4013 510 4065 locum
522 4017 675 4068 succedunt,
729 4031 784 4066 ram
796 4037 802 4072 t
815 4033 874 4066 nem
883 4023 994 4078 quatuor
1005 4025 1086 4068 eraut.

125 4093 175 4194 d'e
195 4079 346 4154 defflere]
371 4083 408 4130 Ut
432 4097 494 4134 eum
510 4083 660 4149 dejicerent
680 4090 709 4133 et
764 4083 928 4147 ganutun]
946 4084 976 4134 ld
987 4095 1039 4145 cst,
1052 4087 1138 4136 Gloria
1150 4085 1251 4132 nominis
1263 4081 1312 4128 Ro·

147 4157 270 4198 reuerent.
500 4157 506 4175 ‘
636 4183 638 4191 ι
729 4155 800 4200 murti.

159 4210 351 4279 dumentis]
363 4214 495 4266 Mucltinae
505 4223 590 4275 eruut,
601 4217 708 4282 quibus,
762 4218 820 4266 lrIu
829 4215 963 4282 pluribus]
988 4218 1018 4266 ld
1036 4225 1085 4277 ent,
1102 4214 1161 4266 cam
1173 4216 1251 4277 pauci
1263 4215 1312 4262 Ila·

23 4323 28 4346 ,
125 4279 436 4346 magnavi,lap1ues‚et
454 4283 482 4334 id
499 4287 634 4352 genu82¹in
650 4284 709 4336 hos·
729 4289 795 4333 muni
813 4289 840 4333 iu
858 4286 943 4348 plttree
964 4287 1090 4336 ‚lt‘umalus
1112 4287 1160 4332 tet'u
1181 4282 1311 4340 mitterent,

24 4373 25 4406 ς
125 4353 180 4396 tem
194 4345 311 4399 ruebant.
731 4354 951 4417 ringulieyuctt'bue
967 4351 1070 4415 oliptteiu
1082 4348 1246 4411 attingebant.
