3034 5060
235 312 298 391 r'so
436 297 441 306 ’
471 393 475 401 ,
701 310 953 382 sALLUsTn

234 511 251 540 ²
260 497 380 560 facere:
396 503 490 572 atque
505 487 548 554 ita
563 486 601 552 ab
611 487 757 552 omnibus
772 487 912 577 partibus
926 486 1023 554 slmul
1034 484 1122 567 tecti,
1136 497 1168 550 et
1183 484 1340 566 instritcti,
1351 487 1428 556 hos.

234 587 315 650 tium
330 580 396 644 vim
419 578 641 658 sustentabant.
687 575 801 656 Neque
825 575 857 635 in
877 594 918 636 eo
938 588 1065 656 tamque
1080 592 1190 656 aspero
1204 576 1334 657 negotio
1350 576 1428 642 Ma.

234 672 302 738 ¹5⁰⁵
317 667 455 740 ‘mim’
471 679 524 726 aut
540 656 653 742 ⁰¹³ng
664 681 758 742 ‘luam
775 657 874 730 antei.
885 659 1025 722 demisso
1037 660 1141 722 animo
1156 658 1227 721 fuit.
1272 659 1338 724 Sed
1353 683 1429 728 cum

210 799 219 820 t
235 759 342 821 tunna
354 755 419 825 sua,
433 770 527 832 quarn
539 767 580 810 ex
595 746 773 809 fortissimis
788 741 903 828 magis,
918 742 1014 826 quarn
1028 744 1282 808 familiarissimis
1297 765 1429 830 parave-

233 858 293 917 rat,
309 836 415 922 vag‘ari
438 835 572 918 passim:
601 853 636 894 ac
658 829 756 895 modb
779 830 988 894 laborantibus
1010 829 1077 894 suis
1098 851 1301 906 succurrere;
1328 825 1429 898 modd

234 931 353 1003 hostes,
381 924 435 986 ubi
458 918 679 983 confertissimi
708 917 903 993 obstiterant,
924 916 1093 979 invadere:
1120 935 1215 980 mauu
1242 915 1429 990 bconsulere

234 1015 398 1089 militibus,
429 1005 577 1090 quoniam
603 1005 783 1088 imperitare
813 1001 1002 1066 conturbatis
1028 1001 1174 1066 omnibus
1200 1023 1265 1064 non
1293 1019 1429 1087 poterat.

234 1103 390 1182 ‘Jamque
406 1095 475 1157 dies
491 1106 693 1172 consumptus
709 1103 786 1166 erat,
801 1087 876 1151 clim
893 1103 996 1152 tamen
1013 1087 1134 1150 barbari
1151 1086 1229 1151 nihil
1244 1090 1428 1154 remittes„

235 1205 342 1270 atque,
352 1179 397 1247 uti
410 1199 500 1264 reges
512 1188 861 1259 praeceperant,noctem
874 1195 932 1257 pro
942 1195 976 1236 se
986 1174 1059 1252 rati,
1069 1172 1175 1236 acrids
1187 1173 1312 1240 instare.
1337 1175 1429 1240 Tum

235 1273 364 1336 Marius
379 1289 420 1332 ex
438 1265 527 1348 copia
542 1283 647 1326 rerum
667 1261 832 1325 consilium
851 1259 1065 1342 habitatque
1081 1255 1128 1322 uti
1144 1257 1210 1325 suis
1225 1263 1364 1343 receptui
1380 1264 1430 1326 lo·

234 1381 290 1422 cus
306 1371 398 1433 esset,
413 1353 507 1414 colles
521 1351 601 1414 duos
616 1347 808 1430 propinquos
820 1348 900 1410 inter
915 1368 948 1409 se
961 1359 1102 1430 occupat.
1136 1344 1286 1420 Quorum
1301 1348 1335 1412 a„
1350 1369 1426 1427 uno,

129 1492 136 1511 .
234 1444 366 1509 ²castris
381 1437 492 1525 partim
503 1437 617 1520 amplo,
627 1433 696 1496 fons
708 1453 795 1516 aquae
806 1454 938 1515 magnus
949 1448 1032 1506 erst3
1048 1433 1126 1494 alter
1137 1432 1208 1494 usui
1219 1447 1428 1516 opportunus,

235 1532 311 1616 quis
321 1523 435 1612 magni
446 1538 532 1608 parte
545 1521 661 1596 editus,
670 1535 701 1581 et
712 1539 859 1602 praeceps,
868 1539 965 1601 pauca
978 1519 1170 1582 munimenta
1184 1515 1332 1602 degebat.
1358 1520 1426 1584 Ca·

234 1635 339 1682 terum
351 1613 435 1696 apud
446 1629 561 1689 aquam
573 1605 694 1668 Sullum
708 1625 780 1667 curn
797 1605 955 1685 equitibus
966 1621 1090 1666 noctem
1106 1604 1220 1687 agitare
1229 1606 1334 1688 jubet.
1372 1606 1428 1690 Ip-

235 1725 270 1766 se
285 1701 402 1764 milites
417 1695 574 1776 dispersos
590 1690 752 1774 paulatim,
766 1712 871 1771 neque
890 1689 997 1752 minus
1017 1689 1156 1754 hostibus
1172 1691 1377 1770 conturbatis,
1393 1693 1431 1756 in

235 1807 335 1852 unum
351 1780 523 1846 contrahit:
540 1779 613 1840 dein
629 1790 756 1840 cunctos
770 1779 884 1867 ‘plegio
899 1778 999 1858 gradu
1015 1776 1048 1837 in
1062 1777 1171 1838 collem
1184 1777 1344 1850 subducit.
1377 1775 1431 1840 Ita

234 1895 339 1956 reges,
353 1867 413 1931 loci
430 1865 609 1929 difficultate
629 1861 740 1940 coacti,
755 1846 1088 1946 proelio'deterreutur3
1111 1883 1213 1944 neque
1230 1877 1338 1925 tamen
1354 1885 1430 1926 snos

235 1956 362 2042 longilts
378 1954 462 2018 abire
478 1953 594 2027 sinunt,
605 1947 662 2012 sed
677 1961 812 2030 utroque
826 1949 903 2010 colle
915 1947 1116 2010 ‘multitudine
1128 1949 1325 2013 circumdato
1336 1950 1428 2014 ell'usi

235 2044 418 2110 consedere.
463 2037 560 2114 Dein,
575 2033 691 2097 crebris
714 2035 839 2117 ignibus
856 2033 959 2109 factis,
974 2035 1159 2116 plerumque
1181 2035 1283 2098 noctis
1304 2035 1429 2102 barbari

235 2151 324 2196 more
345 2149 403 2191 suo
424 2121 533 2198 laetari,
547 2121 715 2197 exsultare,
729 2135 867 2204 strepere
883 2120 1032 2194 vocibus;
1055 2136 1087 2182 et
1104 2121 1166 2204 ipsi
1182 2121 1279 2184 duces
1292 2117 1430 2199 feroces,

236 2215 326 2302 qudd
340 2234 402 2277 nnn
417 2209 542 2292 fugire,
557 2227 593 2268 ac
608 2207 683 2288 2[πο
698 2205 869 2268 victoribus
882 2227 987 2290 agere.
1015 2205 1080 2270 Sed
1095 2225 1133 2270 ea
1147 2220 1260 2270 cuncta
1274 2205 1431 2274 Romanis

236 2325 278 2366 ex
293 2298 440 2374 tenebris,
455 2309 487 2357 et
501 2293 687 2357 editioribus
702 2291 779 2355 locis
794 2291 898 2356 facilia
912 2293 994 2369 visu,
1010 2297 1188 2377 magnoque
1209 2289 1223 2330 f
1229 2293 1430 2358 hortamento

236 2403 335 2453 erant.
358 2379 538 2446 Plurimltm
548 2377 625 2442 verb
637 2377 763 2440 Marius
772 2377 928 2462 imperitia
939 2379 1076 2442 hostium
1086 2379 1326 2458 confirmatus,g
1332 2398 1431 2462 quam

235 2473 411 2539 maximum
426 2466 584 2531 silentium
600 2464 708 2528 haberi
722 2463 833 2546 juben
851 2485 890 2528 ne
905 2465 995 2549 signa
1010 2464 1152 2547 quidem,
1167 2461 1215 2528 uti
1232 2486 1289 2549 per
1303 2465 1430 2550 vigilias
1509 2537 1510 2540 Ἴ

233 2561 388 2634 solebant,
402 2575 531 2618 canere:
548 2551 633 2629 dein,
645 2550 697 2612 ubi
713 2551 769 2615 lux
784 2551 980 2628 adventabat,
991 2548 1125 2614 defessis
1136 2554 1206 2636 jam
1222 2551 1376 2633 hostibus,
1391 2574 1429 2619 ac
1509 2551 1510 2560 ³

234 2645 329 2735 paulb
345 2639 417 2710 ante
432 2659 545 2706 somno
559 2638 669 2724 captis,
684 2636 725 2708 de
742 2636 914 2720 improviso
933 2633 1129 2722 lvectigalis,
1143 2634 1220 2702 item
1236 2637 1428 2718 cohortium,

677 2806 978 2862 INTERPRETATIO.

277 2932 290 2967 ¹
308 2927 459 3016 Quorum,
474 2924 507 2984 in
521 2941 581 2986 uno
591 2933 706 3008 parum
721 2921 817 3006 amplo
882 2921 896 2957 ²
911 2921 953 2983 Et
966 2922 1029 3006 ipsi
1039 2923 1128 2987 duces
1139 2923 1290 3006 gerebant
1300 2920 1425 3008 cerefe-

234 3018 278 3085 ad
288 3027 393 3079 castra
402 3009 555 3097 ponenda,
566 3007 717 3094 erotsons
730 3027 825 3091 mag-¹
842 3007 964 3084 rociter,
981 3022 1012 3070 et
1027 3011 1116 3094 quasi
1130 3012 1262 3072 victores
1271 3009 1426 3096 fuissent,

234 3126 293 3168 raus
307 3121 403 3186 aquen
842 3093 1157 3180 quianonsugerant.
1199 3127 1205 3160 r

770 3263 886 3314 NOTAE.

267 3398 284 3432 a
304 3378 399 3443 Orbem]
420 3377 491 3435 Quid
511 3375 650 3442 intelligat,
667 3389 716 3440 per
731 3373 818 3436 orbes,
842 3387 869 3424 se
890 3373 999 3432 habeat:
1024 3390 1084 3426 narn
1104 3374 1238 3445 ejusmodi
1257 3375 1427 3444 antiquitatis

232 3467 277 3502 rea
290 3448 348 3515 ipsa
357 3443 424 3498 satis
436 3459 568 3510 superque
577 3443 685 3493 indicat.
717 3441 820 3503 llli,sei-
840 3441 980 3508 phrasibus
1010 3443 1253 3494 audetSallustius.

231 3519 298 3570 licet
317 3518 344 3566 in
361 3509 488 3565 circulum
506 3527 564 3564 sese
578 3510 779 3576 componebant,
789 3518 819 3560 ut
872 3458 1010 3574 effesani
1024 3510 1054 3560 ld
1071 3519 1122 3572 est,
1134 3520 1230 3560 tuntum
1242 3513 1340 3562 illinon
1353 3509 1428 3576 orfit-

232 3601 279 3635 eos
290 3600 326 3633 ex
336 3584 407 3632 omni
420 3587 495 3648 parte
507 3579 632 3630 adversos
645 3577 735 3628 hostes
750 3577 819 3626 inve·
837 3587 950 3638 geruum
973 3578 997 3627 si
1014 3576 1094 3628 modd
1119 3581 1294 3630 Romanorum
1314 3577 1427 3644 gloriam

232 3651 330 3708 nitent,
342 3663 429 3713 neque
441 3645 458 3697 d
470 3657 544 3713 tergo
557 3643 818 3698 circumvenirentur.
840 3643 983 3694 Sallustius
995 3644 1222 3698 assentatiuncula
1232 3659 1284 3696 non
1294 3653 1336 3694 est
1347 3659 1428 3695 aucu-

268 3716 284 3765 b
307 3713 459 3778 Goumara]
482 3715 608 3780 Intellige
629 3713 743 3762 hiarium
765 3710 817 3760 huc
840 3720 924 3776 patus.
954 3713 1058 3762 Marius
1071 3713 1427 3778 kssttrstirerngrudspor.
1486 3742 1491 3767 .

233 3783 300 3834 illuc
310 3782 450 3840 cursando,
462 3790 490 3831 et
503 3777 556 3847 qud
571 3781 614 3830 ille
630 3792 744 3842 cumque
756 3776 818 3826 ivrs-
872 3775 886 3827 f
893 3777 1068 3840 firmamenta]
1085 3780 1154 3836 Quia
1169 3778 1262 3830 hostes
1273 3775 1333 3829 calm
1347 3793 1427 3830 secu·

232 3856 276 3900 set
286 3848 376 3898 hostes
389 3845 562 3912 profligando,
571 3846 738 3910 aliquatenus
754 3859 816 3894 suos
837 3861 882 3896 ros
899 3852 929 3895 et
945 3847 1096 3896 exultantes
1114 3847 1243 3906 viderent,
1255 3844 1429 3896 confidebant

228 3916 342 3984 juvisse.
350 3929 493 3979 eorumque
505 3915 611 3964 ordines
621 3911 784 3979 restituisse.
838 3912 946 3978 insuper
967 3928 1013 3964 eos
1037 3913 1159 3965 defessos
1180 3921 1209 3964 et
1231 3912 1332 3978 sopitos
1355 3907 1427 3973 fore,

266 4000 282 4035 c
297 3985 400 4044 Jamque
413 3983 466 4030 elles
482 3990 636 4046 conmmptns
648 3975 730 4039 aran]
751 3979 816 4027 Ver·
838 3975 899 4030 clim
911 3979 1025 4044 prelium
1037 3981 1234 4033 instauraretur.

232 4067 279 4104 sus
298 4049 400 4100 heroici
419 4047 473 4098 haec
490 4049 570 4100 verba
588 4046 755 4098 constituunt
771 4043 816 4094 bo·
871 4049 985 4112 gQuam
1005 4048 1153 4111 maximum]
1177 4047 1428 4110 lineamentaque

231 4133 292 4170 nam
304 4125 415 4182 partem,
425 4113 496 4179 quod
514 4115 608 4180 procul
624 4112 714 4173 dubio,
726 4117 817 4161 aucto-
838 4115 926 4179 l'nnfit
939 4115 961 4166 le
972 4119 1046 4165 moins
1057 4117 1088 4166 de
1099 4118 1166 4166 amit
1175 4133 1222 4180 que
1230 4115 1409 4180 l’onpourrot't.

231 4188 265 4248 ri,
278 4201 325 4252 per
335 4181 551 4246 incognitantiam
562 4181 671 4230 excidit.
872 4182 887 4229 h
911 4179 1060 4246 Vectigalis]
1083 4186 1181 4233 Eorum
1203 4180 1318 4250 conjicio
1341 4179 1427 4234 ruisse

266 4253 285 4302 d
298 4247 417 4316 Egebat]
438 4247 491 4300 atii
505 4248 599 4298 habent
613 4247 816 4310 querebamur·
837 4247 968 4304 ¹tubicines
983 4250 1028 4312 qui
1048 4249 1278 4316 superveniebant,
1289 4257 1320 4302 et
1336 4253 1427 4302 entra-

232 4319 300 4386 nulli
319 4320 432 4382 gustat.
467 4314 560 4364 Malim
584 4316 697 4364 retinere
718 4314 815 4376 egebat,
838 4313 965 4366 ordinarii
976 4319 1101 4370 Romanis
1114 4317 1232 4372 aderaut.

231 4400 281 4438 nec
299 4401 341 4438 me
358 4387 448 4436 movet
464 4378 539 4448 qued
556 4380 734 4434 accusativum
753 4390 815 4446 post
878 4392 883 4403 ·
