3034 5054
555 326 874 398 FRAGMENTA.
1249 332 1309 410 aa
1366 363 1370 368 -

167 507 261 571 Duos
276 502 370 590 quim
390 502 546 570 maximos
569 519 653 567 utres
674 503 736 567 levi
754 503 863 567 tabulae
878 499 1023 585 subjecit,
1038 498 1098 582 qui
1113 519 1206 584 super
1220 499 1306 562 omni

123 613 256 676 corpore
271 593 405 675 quietus,
421 592 554 668 invicem
571 604 670 654 tractu
686 590 774 672 pedis
786 590 874 674 quasi
884 589 1076 670 vgubernator
1089 585 1254 658 existeret3
1271 585 1308 664 ei

123 677 208 742 inter
230 679 355 755 molem,
370 693 463 759 atque
484 677 616 740 insulam
636 675 727 754 mari,
741 674 930 743 vitabundus
951 674 1083 738 classem
1103 671 1252 748 hostium,
1265 671 1308 734 ad

122 764 295 846 foppidum
310 764 460 845 pertenit.
476 763 579 824 'Idem

169 849 253 911 Nam
267 849 321 931 qui
336 850 449 910 ¹enare
465 848 567 910 consti
584 845 716 923 fuerant,
730 845 784 910 icti
795 841 879 928 saepi
892 842 1088 908 ferramentis
1103 843 1242 918 navium,
1254 855 1307 904 aut

122 934 272 998 vulnerati
289 931 307 997 i
323 933 400 1009 suis,
414 945 468 994 aut
481 933 586 996 afflicti
610 933 730 996 balveis
746 933 901 995 undarum
916 933 962 1006 vi,
975 930 1130 992 cmultato
1142 925 1222 990 foede
1240 948 1307 990 cor·

121 1037 208 1103 pore,
220 1017 380 1103 postremo
396 1031 499 1081 tamen
516 1019 649 1102 periere.
673 1019 766 1093 Idem,
781 1029 810 1079 et
826 1016 1001 1078 Arusianus
1017 1015 1149 1078 nasas.

165 1105 250 1166 Nam
268 1103 359 1166 tertia
374 1117 447 1166 tunc
458 1121 535 1180 erat,
546 1119 577 1166 et
589 1105 723 1167 sublima
735 1103 848 1166 nebula
863 1105 973 1165 celum
989 1102 1181 1163 obscurabat.
1204 1101 1285 1167 Noa.

162 1189 260 1252 Illum
275 1191 377 1252 nautis
391 1186 530 1254 diorum·
554 1191 647 1254 Idem.

235 1339 242 1356 ⁸
313 1317 421 1388 Oratio
434 1317 560 1386 'Macri
573 1319 688 1390 Licinii
700 1317 815 1382 tribuni
826 1318 924 1401 plebis
938 1317 1113 1402 adplcbem.

150 1445 209 1524 ·Si,
226 1445 379 1526 Quirites,
395 1465 504 1529 parurn
520 1448 753 1524 existimaretis,
773 1447 851 1529 quid
867 1447 947 1509 inter
964 1447 1019 1530 jus
1038 1443 1056 1506 i
1072 1443 1243 1527 majoribus
1258 1465 1307 1510 re·

120 1531 231 1594 lictum
245 1533 346 1609 vobis,
361 1547 393 1594 et
413 1533 470 1597 hoc
487 1530 504 1598 i
520 1533 603 1595 Sulla
624 1546 777 1614 paratum,¹
798 1531 981 1594 saeuitiam
997 1534 1178 1594 interesset:
1203 1531 1309 1596 multis

118 1616 199 1678 mihi
210 1619 426 1680 disserendum
438 1616 561 1694 suisset,
569 1611 822 1700 docendumque,
833 1638 910 1700 quas
922 1617 962 1678 ob
974 1617 1114 1702 injurias,
1123 1632 1154 1678 et
1166 1617 1309 1698 quotiens
1323 1677 1326 1682 ,

118 1698 138 1765 tl
150 1702 288 1786 patribus
298 1716 415 1764 armata
422 1704 538 1784 plebes,
546 1707 743 1766 secessisset:
759 1704 868 1786 utique
878 1703 1019 1765 vindices
1027 1703 1198 1785 paravisset
1207 1703 1310 1764 omnis

115 1787 200 1870 juris
216 1787 265 1849 sui
280 1787 420 1848 tribunos
435 1789 517 1866 pleb.
563 1789 659 1848 Nunc
680 1787 797 1849 hortari
820 1787 917 1851 modo
934 1788 1090 1871 reliquum
1113 1802 1170 1866 est,
1186 1783 1217 1849 et
1238 1797 1254 1836 ὅ
1263 1787 1310 1850 ire

119 1867 262 1954 primum
274 1871 334 1942 vii,
350 1871 411 1950 qui
426 1871 652 1954 capessundam
668 1873 800 1932 arbitror
810 1871 996 1941 libertatem,
1032 1871 1148 1952 Neque
1165 1894 1215 1933 ure
1232 1895 1309 1954 prae·

119 1955 196 2022 terit
210 1970 340 2036 quantas
354 1975 429 2036 opes
444 1955 613 2028 nobilitatis
625 1957 720 2030 solus,
730 1956 895 2037 impotens,
908 1951 1016 2024 hinarri
1029 1957 1131 2036 specie
1145 1959 1309 2037 magistra·

118 2044 184 2116 tris,
196 2041 308 2124 pellere
321 2039 533 2102 dominatione
546 2041 691 2125 incipiam
703 2065 712 2115 3
729 2040 909 2122 quantoque
922 2039 1023 2102 tutiias
1036 2039 1133 2101 factio
1142 2042 1310 2104 noxiorum

118 2140 203 2208 agat,
219 2121 314 2206 quim
341 2125 411 2198 soli
426 2124 614 2193 innocentes,
660 2125 725 2188 Sed
747 2142 857 2207 praeter
879 2145 966 2208 spem
989 2127 1100 2186 bonam
1123 2128 1187 2187 ²ex
1208 2125 1310 2202 vobis,-

119 2229 190 2294 quae
213 2227 332 2273 metum
355 2210 441 2280 vicit,
462 2211 555 2284 statui
582 2211 760 2275 certaminis
786 2213 927 2287 adversa,
950 2232 1007 2295 pro
1027 2210 1167 2273 libertate
1189 2213 1311 2293 potiora

118 2317 190 2358 esse
206 2294 279 2358 forti
297 2296 376 2371 viro,
398 2292 493 2377 quim
516 2295 644 2359 omnino
668 2318 729 2360 non
750 2296 928 2359 certavisse.
976 2295 1178 2378 Quamquam
1201 2309 1310 2359 omnes

118 2381 173 2454 alii
189 2381 288 2455 creati
300 2401 358 2464 pro
374 2380 448 2466 jure
464 2397 570 2445 vestro
591 2379 677 2445 iviru
695 2399 850 2462 cunctam,
865 2398 897 2444 et
913 2383 1043 2465 imperia
1059 2403 1116 2446 sua
1132 2383 1240 2466 gratii,
1256 2397 1310 2452 aut

565 2553 868 2606 lurnnrnerarlu

162 2666 174 2702 ¹
192 2661 465 2750 Quirentanerant
475 2666 607 2728 natando
620 2670 701 2752 aqud
726 2664 893 2740 indutriae
906 2675 1112 2750 qnepossunt
1126 2686 1190 2726 csse
1200 2665 1308 2726 adsela

118 2751 256 2824 condere.
725 2773 760 2812 sa
776 2751 809 2811 in
824 2753 988 2813 certamine
1002 2752 1084 2836 quod
1094 2761 1154 2831 pro
1170 2750 1308 2812 libertate

161 2835 253 2898 ²Sed
257 2847 374 2919 preter
389 2849 472 2918 spem
488 2836 593 2899 bonam
609 2856 703 2930 quam
726 2837 884 2918 incipitur,
904 2857 968 2916 erse
987 2839 1112 2919 potiora
1128 2835 1214 2921 sorti
1240 2836 1308 2928 vird

118 2924 248 3003 concepi
270 2944 308 2984 ex
322 2921 418 2998 vobis,
429 2943 495 3006 quoe
515 2935 624 2998 metum
644 2943 703 2986 me·
726 2919 817 3006 qncim
833 2923 952 2998 omniuo
968 2921 1188 2996 concertasse,

117 3027 170 3073 nm
188 3007 368 3088 superunit,·
391 3009 424 3068 in
452 3007 586 3070 animum
608 3028 705 3070 meum
789 3039 794 3050 ·

626 3120 629 3122 ’
658 3139 772 3198 norm,
812 3206 816 3215 f
908 3173 913 3181 i

151 3243 327 3312 aOppidum.]
342 3245 468 3311 Cynicum
483 3246 593 3304 seilicet.
622 3247 703 3299 Vide·
725 3245 1309 3313 quaePatriciacuiquesrlitnsadtribunatmn

117 3321 162 3364 tur
181 3316 251 3364 en'nn
270 3313 303 3364 de
325 3315 430 3376 Luculli
451 3322 638 3379 stratagemate
657 3315 702 3364 hic
721 3329 775 3364 non
787 3313 845 3364 tuit.
863 3315 953 3364 Oratio
966 3313 1082 3364 difficilis
1095 3322 1145 3374 est,
1157 3323 1258 3379 utpote,
1272 3317 1310 3367 in-

118 3379 172 3444 agi,
188 3381 235 3446 qui
255 3385 285 3430 ut
303 3395 333 3433 re
352 3395 510 3443 suspensum
530 3381 650 3442 nuntium
670 3380 703 3430 sd
725 3381 818 3442 citata,
834 3384 948 3443 concisa,
960 3395 994 3432 ex
1006 3390 1113 3444 pectore
1125 3383 1239 3448 denique
1252 3383 1309 3432 veri

118 3445 264 3509 Cyabonos
283 3445 367 3506 misit,
384 3447 430 3510 qui
450 3446 590 3512 adventare
612 3461 640 3496 se
657 3463 702 3496 eos
725 3453 755 3496 et
766 3444 881 3496 maximi
894 3448 1242 3512 politiciRomaniextorta.

96 3539 99 3546 ⁴
118 3510 241 3562 doceret:
262 3517 314 3578 qua
327 3511 361 3563 de
377 3513 479 3563 reside
492 3514 608 3574 Florum,
621 3512 666 3563 lib.
678 3515 702 3565 3.
757 3513 773 3569 i
783 3515 933 3578 Servitium]
943 3517 1000 3564 Hoc
1012 3514 1078 3566 dicit
1088 3518 1152 3579 quis
1159 3515 1308 3566 tribunatus

118 3593 177 3693 cap.
195 3582 218 3628 5.
721 3577 784 3648 jura
802 3589 831 3629 et
850 3591 1005 3644 potestatem
1025 3581 1198 3639 imminuerat,
1210 3589 1239 3630 et
1253 3590 1309 3638 tan,

179 3641 297 3707 Aineia]
309 3645 341 3696 ld
351 3652 403 3708 est,
419 3649 526 3710 Gummi,
539 3657 584 3704 aut
594 3651 647 3699 imis
658 3664 702 3698 nn·
725 3645 783 3710 ulrn
796 3663 846 3697 non
859 3647 964 3713 penitus
976 3647 1123 3696 sustulerat
1130 3647 1208 3711 Sylla.

118 3714 315 3776 viumpactibus.
758 3717 830 3777 gIre
846 3711 974 3781 petrusim]
994 3717 1178 3764 Necessarium
1196 3723 1237 3775 est
1254 3732 1309 3780 nm.

152 3795 168 3828 c
181 3778 313 3846 Multam]
336 3778 415 3831 Forte
430 3783 540 3836 mulcato.
558 3780 624 3832 Gall.
641 3783 702 3836 Fro-
724 3781 792 3842 nino,
805 3791 835 3831 nt
845 3781 891 3846 qui
901 3781 1034 3830 aliisviam
1045 3779 1170 3834 ostendit,
1183 3782 1305 3845 ipseeam

117 3845 176 3896 issiz
724 3849 824 3910 primus
836 3849 929 3910 calcet.
947 3851 1041 3916 Neque
1052 3847 1125 3903 aliud
1138 3847 1223 3912 magis
1237 3849 1308 3912 incp-

151 3911 298 3981 dme]
310 3911 443 3980 antiques
456 3915 571 3966 usitatus
580 3923 622 3964 est
631 3914 701 3968 enirn
724 3921 781 3970 turn
792 3914 899 3968 videtur
911 3913 992 3978 quam
1011 3913 1066 3964 aliis
1083 3927 1148 3963 nnus
1162 3915 1305 3980 imponere,
1355 3911 1357 3916 ’

115 3993 242 4030 numerus
253 3979 367 4050 pluralis
377 3980 432 4050 sori
438 3977 491 4096 pro
505 3984 608 4045 navium
626 3981 699 4048 tabu·
723 3979 795 4052 quod
807 3989 864 4032 tute
875 3981 992 4044 digitulo
1006 3981 1137 4044 attingere
1146 3981 1221 4037 nolis.

117 4043 192 4105 latis,
205 4061 252 4112 per
269 4063 327 4114 quat
341 4053 426 4110 nautae
449 4055 566 4099 eruatur.
586 4048 652 4103 Gall.
664 4049 702 4098 Le
756 4047 878 4112 hlasana]
897 4046 960 4096 Dixi
979 4045 1056 4108 antei
1073 4047 1187 4098 tribunis
1205 4045 1305 4112 asylis
1362 4096 1366 4110 ‚

120 4111 210 4160 Tillec.
605 4127 607 4130 ’
724 4114 797 4164 inane
810 4130 902 4164 nomen
916 4113 1036 4163 relictum
1049 4129 1118 4163 esse.
1291 4115 1293 4120 '

152 4175 265 4230 errant
273 4179 382 4246 Licinii]
395 4181 527 4246 Sequutus
538 4196 596 4231 sum
609 4195 700 4231 eornm
757 4181 765 4229 i
782 4179 855 4248 Vin]
881 4183 919 4230 De
932 4180 1060 4236 tribuniti
1072 4176 1206 4244 potestate
1221 4178 1306 4244 loqui·

112 4244 318 4306 correctionem,
331 4249 375 4312 qui
390 4263 437 4312 pro
452 4249 550 4312 Lepido
569 4249 700 4298 Licinium
725 4254 778 4308 tur,
788 4250 842 4314 qua
853 4257 902 4296 non
913 4247 1045 4312 adpopuli
1056 4245 1202 4295 subsidium
1215 4245 1262 4296 sed
1271 4249 1305 4298 ad

116 4318 279 4388 posuerunt,
290 4309 322 4361 eei
336 4316 480 4378 prasertim
492 4317 616 4364 inductus
629 4311 702 4380 quod
724 4315 901 4379 potentiorum
911 4314 1023 4375 gratiam
1035 4311 1242 4377 promerendam,
1253 4315 1307 4391 ple.

118 4378 211 4452 Lepida·
226 4378 341 4432 AEmiliae'
351 4381 439 4460 gentis
455 4397 601 4450 cognomen
611 4379 703 4450 suerit,
724 4396 837 4448 rumque
849 4379 949 4436 tribuni
963 4379 1145 4438 abutebantur·
1203 4449 1212 4464 ν
