3070 5034
195 330 236 400 ,ᾗ
575 319 759 434 rannus
782 303 1034 432 curatius,
1080 335 1082 342 ·
1147 399 1149 404 .

195 504 249 568 'rio
261 515 293 565 et
302 503 396 573 Sulla,
407 517 523 562 necnon
537 503 574 561 de
588 502 734 579 Pompeio
744 516 847 567 contra
861 523 967 581 regem
980 503 1208 576 Mithridatem:
1223 508 1303 584 quod
1315 526 1394 586 opus

344 583 345 588 ’
367 593 369 598 ·
525 579 608 642 libris
627 585 738 660 aliquot
757 583 775 640 a
792 585 934 644 Sallustio
951 586 1276 648 absolutumtraditur:
1299 601 1329 648 et
1343 592 1393 649 ad-

207 667 274 724 Virle
288 666 373 735 Pege
391 667 424 720 17
429 667 455 731 3,
468 665 507 718 ad
519 663 585 732 ,huc
606 675 765 738 supersunt
785 665 933 740 quaedam,
951 665 1043 736 ueluti
1061 665 1272 727 absolutissimi
1290 670 1393 746 operis

236 748 349 806 ,Notum
364 762 391 800 c.
437 779 440 787 ν
527 740 831 817 reliquissemus:
847 744 980 804 Sallustii
994 745 1147 818 diligentia
1161 747 1190 805 in
1208 746 1326 805 historin
1343 752 1394 806 de·

525 821 689 890 scribenda,
702 829 790 898 atque
809 823 936 898 gravitas
956 838 1103 900 appareat.
1138 827 1179 900 zln
1195 839 1276 900 parte
1292 827 1395 901 operis
1441 877 1446 887 .

200 906 237 964 de
252 883 341 964 rebus
355 883 487 969 Punicis,
499 911 581 963 tanto
594 900 688 960 animi
701 901 798 962 studio
812 901 957 971 incubuit,
974 919 1005 964 ut
1020 924 1037 960 a
1051 903 1226 980 quibusdam
1243 905 1394 982 scriptum

200 984 249 1053 sit,
262 1001 335 1044 eum
349 979 638 1056 regiottemadiisse,
647 999 682 1038 ac
697 981 830 1039 maxima
844 979 966 1041 solertia
980 987 1188 1057 perlustrasse,
1202 981 1263 1058 qud
1278 984 1394 1062 majore

198 1063 258 1122 fide
272 1073 360 1136 atque
374 1059 471 1116 officio
480 1058 640 1121 'teutatem
651 1061 830 1136 exploraret.
871 1062 1006 1131 ¹Avienus
1018 1078 1105 1128 certe,
1114 1063 1210 1124 liuius
1225 1067 1394 1138 plurimum

100 1156 103 1161 ·
199 1139 335 1200 Sallustii
350 1138 545 1216 diligentiam,
559 1151 647 1216 atque
669 1141 803 1200 studium
827 1143 1064 1218 commendavit:
1087 1145 1140 1199 sed
1159 1160 1190 1202 et
1204 1141 1331 1208 Gellius,
1347 1143 1393 1200 vir

197 1221 362 1287 Romanus,
377 1216 429 1293 qui
441 1229 579 1276 veterum
595 1217 976 1295 eruditioni's‘liristarchus
992 1223 1162 1291 habebatur,
1174 1222 1215 1280 ita
1227 1222 1263 1278 de
1279 1219 1391 1280 sutus-

197 1299 232 1370 tii
244 1299 377 1358 oratioue
388 1295 527 1376 disserit:
542 1301 709 1369 Elegantia,
720 1297 827 1373 inquit,·
836 1300 973 1360 Sallustii,
987 1303 1356 1372 uerborumqaesocunllia‚
1364 1311 1393 1357 ct

195 1373 324 1436 nouandi
337 1377 479 1445 stadium,
488 1396 551 1433 cam
565 1381 652 1433 multa
661 1374 787 1446 prorsus
800 1373 982 1448 invidiosuit
990 1403 1002 1444 ,-
1016 1383 1119 1448 talares
1132 1399 1188 1436 non
1203 1383 1336 1436 mediocri
1349 1383 1393 1435 in·

193 1462 280 1530 genio
291 1461 352 1515 viri
366 1460 459 1512 conati
469 1469 537 1520 eant
551 1461 761 1525 reprehendere
771 1461 921 1536 lile-ratque,
932 1471 959 1514 et
974 1462 1139 1526 obtrectare,
1150 1463 1180 1514 irc
1192 1462 1394 1530 quibuspiam

196 1541 294 1605 inciae,
307 1547 359 1594 cut
373 1539 497 1606 moigne
509 1535 668 1600 vallionem
688 1534 760 1612 quin
775 1549 808 1608 et
828 1539 906 1598 hunc
921 1537 1112 1612 proprietatis
1131 1535 1391 1605 seruantissimum

195 1627 291 1674 vocat.
332 1614 421 1673 Titus
435 1626 535 1682 antem
551 1613 654 1674 Livius
667 1627 728 1677 tam
743 1614 862 1690 iniquus
883 1615 1021 1678 Sallustio
1035 1617 1102 1686 fuit,
1117 1617 1206 1674 sicuti
1224 1619 1259 1674 ab
1276 1617 1392 1675 Annaeo

197 1695 314 1754 Seneca
325 1692 474 1762 scribitur,
489 1704 522 1751 ut
537 1697 672 1770 quaedam
688 1713 727 1755 ex
737 1693 1055 1771 historiaThncydidis
1067 1699 1257 1768 translatam
1273 1699 1392 1770 elegan-

195 1789 244 1837 ter
257 1775 507 1854 assumptavelut
520 1768 688 1850 depraiata,
698 1787 879 1850 etcorrupta
893 1775 938 1833 illi
947 1775 1101 1854 objecerit,
1112 1774 1203 1849 idque
1215 1774 1315 1850 ipsum
1330 1791 1391 1832 non

181 1853 227 1912 in
241 1852 427 1926 Thucydidis
442 1852 570 1928 gratiam
586 1850 740 1928 effectam
751 1855 908 1912 Aurellius
920 1857 1035 1918 Fuscus
1051 1855 1175 1921 dicebat,
1188 1871 1292 1912 verum
1307 1867 1391 1928 puta-

195 1934 237 1992 vit
253 1952 287 1991 se
299 1929 418 1990 facilius
439 1931 613 1992 Sallustium
629 1932 761 2002 vincere,
776 1932 801 1992 si
819 1933 906 2009 ‘prius
922 1935 1131 2007 Thucydidem
1147 1933 1247 2006 ipsum
1266 1931 1392 2008 praeler-

194 2023 251 2072 ret.
292 2009 416 2070 Asinius
432 2027 551 2086 quoque
567 2006 661 2070 Pollio
676 2011 785 2074 librum
801 2013 930 2088 scripsit,
940 2011 999 2088 qud
1014 2011 1147 2070 Sallustii
1162 2013 1272 2088 scripta
1288 2029 1389 2086 repre·

193 2086 350 2159 uenderet,
361 2090 441 2166 quod
455 2089 485 2148 in
496 2089 534 2156 iis
544 2091 636 2150 nimia
647 2094 774 2167 quadam
785 2093 971 2154 affectatione
984 2091 1187 2168 antiquitatem
1202 2103 1391 2174 sequeretur.

195 2171 306 2229 Fabius
321 2185 393 2228 vero
408 2169 621 2242 Quintilianus,
635 2171 681 2229 vir
695 2183 812 2230 maturo
826 2183 857 2231 et
872 2173 954 2250 graui
966 2171 1090 2249 judicio,
1104 2169 1242 2238 asseruit,
1251 2169 1391 2228 ‘oratione

194 2247 338 2317 Sallustii,
352 2259 443 2323 atque
458 2248 600 2320 brevitate
614 2249 689 2305 nihil
700 2246 768 2307 fieri
782 2269 869 2323 posse
886 2251 1058 2324 perfectius,
1070 2251 1238 2325 praesertim
1254 2252 1332 2323 apud
1342 2267 1391 2306 va·

194 2347 266 2388 cuas
287 2339 319 2385 ct
338 2327 590 2394 eruditasaures:
610 2345 709 2402 neque
723 2329 836 2390 veritus
860 2341 907 2387 est
927 2330 1008 2388 idem
1027 2329 1144 2399 Fabius,
1159 2328 1340 2404 Thucydidi,
1358 2325 1390 2388 in

194 2408 350 2466 scribenda
369 2405 490 2464 historia
509 2409 586 2480 apud
599 2404 734 2489 ¹Graecos
753 2407 891 2488 principi,
911 2410 1085 2469 Sallustium
1106 2409 1207 2489 ipsum
1228 2423 1392 2482 opponere,

193 2487 283 2544 sicuti
298 2484 337 2543 T.
356 2483 477 2544 Litium
496 2481 668 2545 Herodoto:
689 2495 749 2562 que
767 2481 959 2563 factumest,
971 2491 1009 2546 'ut'
1027 2484 1096 2546 cunr
1119 2483 1222 2560 plures
1243 2483 1390 2545 soluerint

183 2565 424 2638 ,draconigenae
436 2565 652 2626 Sallustianum
665 2566 761 2640 sequi,
772 2565 897 2626 minime
910 2561 968 2624 sitit
981 2565 1128 2624 asemon:
1158 2567 1212 2625 Est
1227 2563 1308 2622 enirn
1320 2563 1390 2641 ejus

192 2645 288 2705 oratio
301 2656 363 2704 tam
377 2646 520 2714 absoluta,
534 2650 595 2703 tarn
606 2657 698 2716 ‚castas
712 2657 774 2704 tam
788 2643 942 2714 innocens,
957 2659 989 2703 ut
1002 2645 1111 2704 merito
1125 2649 1162 2702 ab
1174 2643 1301 2702 eruditis
1315 2645 1390 2702 divi-

191 2743 230 2786 na
249 2725 378 2788 brevitas
397 2733 573 2781 censeatur:
595 2737 668 2802 nam
694 2737 726 2781 et
746 2724 920 2792 Arruntius,
939 2723 995 2800 qui
1012 2719 1082 2780 belli
1106 2719 1389 2804 Punicijh‘istoriam

191 2802 323 2880 scripsit,
338 2801 479 2862 Sallustio
497 2811 622 2862 tantum
633 2799 792 2870 concessit,
806 2816 838 2862 nt
850 2802 925 2880 'ejus
947 2801 1112 2882 orationem
1134 2800 1268 2858 maximo
1284 2801 1389 2862 ‘studio

190 2883 486 2958 sequeretur-:quod
499 2881 568 2942 alibi
580 2881 723 2942 diximus.
743 2926 747 2932 .
765 2883 832 2942 Nec
846 2881 921 2942 illud
936 2883 1099 2958 ignoratur,
1114 2880 1388 2940 consuerisseSah

189 2963 317 3022 luscium
332 2959 442 3036 magno
456 2957 557 3022 labore
571 2981 606 3020 ac
619 2953 716 3028 studio
728 2955 872 3028 scribere,
885 2973 918 3026 ut
933 2957 1007 3020 nillil
1028 2973 1089 3022 uon,
1100 2953 1283 3029 ahsolutum,
1297 2957 1388 3036 atque

114 3085 117 3092 -
190 3040 361 3118 perlectum
376 3041 472 3100 videri
485 3057 605 3116 posset:
621 3043 701 3117 quod
717 3061 755 3100 ex
768 3039 836 3116 ipsa
849 3043 977 3100 lectione
993 3039 1080 3098 iacile
1095 3039 1257 3114 colligitur.
1298 3039 1387 3120 Antis·

188 3140 244 3180 cos
258 3120 288 3180 in
302 3120 409 3196 primis
419 3121 564 3188 doctrina,
572 3133 602 3179 et
613 3121 735 3197 ingenio
744 3123 860 3179 nobiles
871 3123 981 3185 habuit,
990 3133 1023 3178 ut
1031 3120 1208 3177 ‘Cornelium
1222 3119 1387 3192 Nepotem,

191 3201 408 3268 Messalam5et
418 3199 580 3276 Nigidium
589 3201 742 3275 Figulum,
751 3200 804 3276 qui
813 3201 939 3277 periisse
951 3202 982 3258 in
993 3198 1102 3257 exsilio
1112 3197 1252 3264 traditur:
1269 3197 1286 3254 J
1289 3197 1386 3258 ulium

187 3289 337 3358 praterea
351 3282 506 3338 Caesarem
519 3287 632 3355 magno
647 3281 745 3340 studio
755 3279 876 3348 dilexit,
890 3299 906 3338 a
921 3296 980 3356 quo
994 3277 1097 3348 etiam,
1111 3283 1149 3336 ut*
1159 3273 1301 3341 creditur,
1318 3277 1395 3354 aig:

184 3357 283 3420 nitate
297 3359 489 3434 praefecturae
505 3361 676 3418 hortestatus
691 3369 747 3418 est.
787 3361 868 3418 illud
888 3359 993 3418 iterna
1010 3356 1152 3416 Suetonio
1167 3354 1314 3427 micuit,
1328 3357 1388 3416 Le-

188 3457 291 3498 naeum
306 3437 548 3516 grammaticum,
560 3437 699 3514 Pompeii
712 3437 864 3508 libertum,
876 3451 986 3517 satyras
997 3453 1099 3506 contra
1110 3433 1291 3510 ¹Sallustium
1302 3447 1386 3496 cont·

188 3519 337 3594 posuisse,
350 3531 483 3593 eumque
498 3519 631 3578 mordaci
646 3533 676 3578 ct
691 3520 837 3578 virulento
850 3518 983 3576 carmine
1001 3504 1157 3585 lacerasse,
1172 3525 1205 3592 ut
1219 3513 1272 3590 qui
1286 3517 1385 3573 lurco

188 3615 260 3656 nem
275 3597 374 3666 illum,
388 3599 640 3674 implumesque,
654 3611 685 3657 et
698 3601 890 3670 nebulonem,
905 3609 938 3656 ac
953 3594 1119 3656 lusu-onem
1136 3593 1302 3670 appellarit,
1315 3606 1385 3654 tum

187 3678 257 3744 rita,
271 3676 450 3752 scriptisque
471 3691 685 3747 monstrosum,
699 3691 733 3735 ac
755 3678 799 3756 M
819 3679 940 3741 Catonis
955 3680 1114 3735 uerborum
1135 3675 1234 3736 summ
1254 3669 1384 3750 inerudi-

187 3754 357 3816 tissituum:
378 3759 457 3832 quod
472 3755 571 3834 ipsu-m
587 3773 644 3816 non
659 3759 713 3816 alia
725 3754 840 3818 'ratione
854 3776 870 3816 a
884 3759 995 3817 Ilenaeo
1006 3755 1121 3813 ‘iactum
1135 3752 1278 3820 creditur,
1292 3761 1385 3826 quam

187 3847 222 3896 ut
236 3835 369 3894 studium
384 3850 485 3902 suum,
501 3851 591 3914 atque
606 3835 737 3895 officium
753 3851 826 3920 erga
847 3849 1005 3914 patronum
1027 3835 1207 3910 Pompeium
1224 3833 1388 3906 probarett

88 3969 90 3988 ,
186 3933 281 4002 quem
303 3914 400 3972 virum
420 3913 579 3974 Sallustius
602 3933 655 3975 ore
680 3915 828 3992 improbo,
847 3919 946 3976 animo
967 3929 1069 3973 autem
1088 3913 1291 3970 inverecundo
1312 3929 1382 3970 esse

187 3993 366 4070 scripserat:
383 3993 481 4070 itaque
493 3991 731 4056 mirandumnon
742 4008 799 4066 est,
810 3997 836 4053 si
848 4009 907 4056 tam
923 3999 1040 4064 acerbe,
1050 4005 1139 4069 atque
1152 3987 1278 4064 satyrice
1293 3987 1383 4048 liber·
1411 4035 1412 4039 ,
1432 4053 1435 4064 ,

186 4087 236 4136 tus
248 4075 380 4132 teneus
391 4086 492 4134 contra
502 4071 680 4134 Sallustium
694 4077 788 4134 aciem
803 4073 1016 4152 stylieslacuit.
1035 4073 1191 4145 Quantum
1206 4067 1277 4138 odii,
1290 4071 1382 4146 atque

142 4209 143 4218 ,
183 4152 451 4225 inimicitiae,inter
467 4156 544 4215 bunc
557 4165 588 4214 ct
603 4156 647 4213 M.
662 4153 844 4214 Ciceronem
857 4154 992 4214 extiterit
1013 4152 1206 4212 notissimum
1219 4161 1284 4206 est:
1299 4151 1383 4225 quod

185 4231 345 4309 utriusque
361 4234 612 4310 viscosasque
632 4237 789 4295 acerrimis
805 4236 954 4294 orationes
966 4192 1009 4306 iti
1022 4235 1241 4292 demonstrent:
1262 4237 1296 4287 ut
1309 4243 1383 4286 neu·

187 4325 234 4372 ter
248 4311 343 4372 videti
358 4312 451 4389 possit
473 4314 545 4372 satis
567 4313 613 4373 sui
634 4316 779 4374 tationem
802 4313 952 4384 habuisse,
965 4315 1040 4370 dum
1061 4308 1147 4370 alteri
1161 4311 1240 4368 male
1256 4311 1379 4398 diceret,

184 4391 255 4473 Qua
264 4390 299 4453 in
313 4411 345 4454 re
359 4411 418 4458 non
431 4403 502 4457 suot
516 4397 610 4458 multa
626 4391 879 4468 referendarum
898 4410 940 4454 es
959 4388 1138 4470 Hieronymi
1158 4386 1241 4452 Fabii
1254 4399 1382 4450 aucteu-
