3034 5054
206 255 268 326 t'l't)
582 289 599 310 =·
638 305 640 313 Α
674 241 920 320 SALLUSTll

205 432 228 512 “.
243 425 333 492 vobis
349 423 391 490 iti
406 425 516 510 placet,
527 425 637 510 gerite,
651 422 699 490 uti
715 426 822 506 vultis,
833 441 904 488 cum
918 421 1071 508 Jugurtht
1085 420 1212 490 belluni.
1231 422 1396 510 'ugellus

205 518 227 552 “
242 533 314 580 meu
337 513 535 590 Mulucham,
550 513 635 594 quod
658 512 738 574 inter
760 532 810 573 me
833 517 865 574 ct
884 509 1054 593 Micipsam
1069 509 1140 587 fuit,
1154 532 1218 573 non
1234 508 1393 596 egrediar,

205 592 227 666 ‘i
242 621 342 680 neque
356 598 389 662 id
402 596 515 660 intrare
529 591 717 679 Jugurtbam
729 597 840 659 sinam.
875 593 1040 671 Praeterea,
1055 597 1103 658 ani
1115 596 1195 679 quid
1208 610 1324 681 meque
1335 621 1394 663 vot-

205 685 226 722 “
243 684 352 766 bisque
364 685 496 766 dignum
507 682 671 766 petiverit,
685 682 769 744 haud
785 681 926 766 repulsus
942 679 1075 744 abibis.”
1370 727 1385 746 .

250 767 307 832 Ad
323 789 359 831 ea
374 768 458 831 Sulla
474 789 530 851 pro
545 790 579 829 se
594 767 729 830 breviter
744 780 775 829 et
790 763 950 841 bmodici,
962 767 1001 828 de
1016 781 1102 849 pace,
1112 779 1144 830 et
1159 767 1200 830 de
1216 768 1393 832 communi·

92 839 101 848 ’
204 855 264 918 bus
278 855 372 916 rebus
383 855 500 929 multia,
511 853 670 916 disseruitt
710 852 855 934 Denique
870 851 936 934 regi
951 849 1108 934 patefacit,
1124 853 1230 934 ¹quud
1245 845 1393 937 pollicea-

204 954 267 1017 tur,
278 953 463 1002 senatumct
472 940 619 1024 populum
630 935 879 1019 Romaquoniam
890 938 985 999 armis
995 935 1394 1018 ampliusvaluissentmon

204 1024 239 1088 iu
259 1023 357 1106 gratia
376 1023 556 1086 habiturust
577 1023 758 1086 faciundum
779 1020 909 1104 aliquid,
924 1023 1011 1104 quod
1031 1021 1157 1086 illorum
1176 1021 1274 1106 magis
1290 1021 1392 1105 quim

204 1111 271 1185 suit,
282 1109 426 1172 tetulisse
440 1109 617 1172 videretur:
636 1111 668 1172 id
685 1107 768 1170 adcb
782 1108 814 1169 in
827 1123 973 1191 promptu
988 1108 1229 1188 ceremoniam
1244 1109 1393 1190 ²copiam

204 1195 368 1278 Jugurtbae
384 1194 512 1264 baberet
522 1220 532 1268 3
555 1215 648 1276 quem
665 1196 692 1256 si
709 1190 860 1256 Romanis
883 1194 1074 1271 tradidisset,
1089 1192 1156 1255 fore
1175 1209 1210 1256 ut
1230 1193 1274 1256 illi
1290 1194 1392 1277 pluri·

204 1301 293 1342 mum
315 1279 498 1343 deberetur:
523 1280 704 1354 amicitiam,
719 1278 829 1354 foedus,
850 1279 1017 1342 Numidiae
1041 1295 1171 1360 partem,
1190 1299 1285 1361 quam
1305 1300 1393 1342 nunc

167 1386 168 1392 ¹
203 1375 217 1401 ‘²
226 1380 355 1448 peteret,
371 1381 443 1430 tuuc
456 1364 538 1427 ultrb
555 1367 769 1427 adventuram.
793 1364 864 1426 Rex
879 1360 1018 1447 primbin
1034 1363 1193 1447 negitar03
1208 1365 1392 1448 ³cognatio-

203 1471 288 1526 nem,
304 1451 493 1527 affinitatem,
507 1446 655 1530 praetereai
672 1449 771 1512 foedus
793 1449 1015 1522 intervenisse;
1039 1451 1079 1511 ad
1101 1449 1159 1512 ho'c
1182 1466 1333 1527 metuere,
1349 1469 1394 1512 ne

203 1531 310 1598 dfluxt
327 1531 387 1596 fide
401 1555 475 1598 usus
487 1537 683 1616 popularium
700 1538 821 1596 animus
836 1549 1007 1597 averteret:
1033 1533 1104 1616 quis
1120 1549 1151 1596 et
1164 1535 1321 1618 Jugurtha
1337 1555 1394 1598 ca·

170 1644 172 1650 ’
202 1639 268 1698 run,
283 1635 314 1682 et
338 1619 473 1680 Romani
495 1619 587 1681 invisi
605 1633 702 1682 erant.
726 1619 894 1700 ¹'Denique
918 1620 1034 1702 s-aepius
1049 1618 1338 1702 fatigatuo,leniter,
1353 1633 1393 1696 et

203 1725 245 1766 ex
259 1705 416 1766 voluntate
431 1699 537 1782 Sullae,
552 1704 657 1766 omnia
677 1725 710 1765 se
726 1702 880 1766 facturum
897 1705 1063 1788 promittit.
1105 1704 1262 1768 ceterum
1282 1705 1324 1767 ad
1343 1705 1393 1766 ei-

143 1815 144 1820 *
202 1788 383 1850 molendam
400 1794 521 1871 pacem,
537 1789 627 1874 cujus
645 1789 799 1865 Numida,
815 1787 957 1852 defessus
972 1790 1066 1869 bello,
1079 1787 1279 1853 avidissimus
1295 1793 1393 1872 *quae

204 1873 294 1936 utilia
310 1873 387 1950 vina,
398 1875 598 1938 constituunt.
645 1876 707 1950 Ita,
719 1865 892 1958 compbaito
908 1875 992 1952 dolo,
1003 1873 1235 1957 digrediuntun
1278 1874 1321 1936 Et
1333 1895 1394 1938 rex

224 1974 328 2022 ostero
343 1959 395 2020 die
412 1958 581 2042 Asparem,
596 1961 758 2042 Jugurthae
773 1961 923 2044 legatum,
938 1962 1090 2044 appellat:-
1105 1961 1244 2044 dicitque
1258 1961 1317 2024 sibi
1331 1959 1393 2044 pe'r

202 1981 363 2110 biberem
380 2065 421 2124 ex
436 2044 519 2106 Sulla
535 2046 706 2126 cognitum,
721 2043 811 2128 posse
835 2046 1063 2114 conditionibus
1082 2047 1201 2109 bellum
1223 2045 1390 2128 componi:

195 2129 407 2214 'quamobrem
422 2130 506 2210 regis
518 2129 569 2196 sui
580 2130 764 2192 sententiam
776 2131 966 2212 exquireret
1000 2131 1057 2194 Ille
1072 2133 1159 2196 letus
1174 2133 1206 2194 iu
1221 2147 1318 2194 castra
1329 2133 1392 2212 Ju-

202 2215 323 2298 gurthae
338 2214 554 2297 proficiscitur.
594 2215 679 2276 Dein
692 2215 795 2278 abillo
811 2233 921 2280 cuncta
932 2217 1071 2296 edoctus,
1086 2219 1252 2302 properato
1264 2217 1393 2288 itinere.

178 2301 273 2384 'post
294 2300 379 2362 diem
402 2314 547 2362 octavum
569 2300 653 2364 redit
673 2301 714 2363 ad
737 2302 916 2378 Bocchum;
939 2304 1022 2366 etei
1045 2305 1182 2380 nunciat,
1199 2303 1395 2386 Iugurtham

202 2405 316 2466 cupere
332 2387 447 2461 omnia,
463 2407 530 2467 quae
546 2385 785 2469 imperarentur,
800 2386 923 2464 facere3
946 2389 1003 2451 scd
1019 2389 1129 2452 Mario
1146 2410 1255 2472 parum
1271 2388 1393 2451 fidere:

201 2467 283 2552 saepd
296 2467 399 2546 antei,
414 2490 487 2539 cum
510 2471 748 2554 imperatoribus
771 2473 923 2536 Romanis
938 2495 1048 2556 pacem
1062 2489 1259 2554 conventam,
1274 2470 1394 2538 frustra

198 2553 311 2620 fuisse.
333 2555 494 2620 ‘Caeterum
510 2557 666 2634 Bocchus,
682 2557 709 2618 si
725 2559 895 2621 eambobus
910 2559 1097 2637 consultum,
1112 2574 1145 2624 et
1158 2573 1262 2622 tatum
1277 2574 1395 2640 pacem

200 2642 306 2718 vellet,
317 2641 406 2704 daret
420 2662 559 2723 operam,
576 2656 611 2703 ut
627 2637 687 2703 und
703 2637 741 2702 ab
756 2643 911 2721 omnibus,
928 2645 1016 2727 quasi
1032 2645 1072 2707 de
1087 2645 1222 2729 pace,in
1237 2644 1394 2726 colloqui-

202 2745 258 2792 um
268 2727 436 2806 veniretur,
446 2726 551 2808 ibique
561 2726 620 2790 sibi
633 2725 751 2790 Sullam
763 2728 916 2793 traderet:
933 2728 1008 2796 citm
1019 2731 1114 2794 talem
1125 2731 1230 2796 virum
1243 2729 1275 2792 in
1285 2745 1393 2816 potes-

643 2897 942 2984 mruurunrfflo.

243 3006 412 3092 ¹Denique
430 3004 578 3092 patefecit
598 3007 678 3090 regi,
697 3027 786 3070 cenu-
849 3007 863 3044 ³
879 3007 1024 3074 Bocchus
1038 3011 1393 3096 causabatureogn'utio-
1439 3075 1444 3084 ,

202 3105 318 3158 tumet
340 3105 415 3175 pop·
440 3093 612 3156 Romanum
639 3113 699 3154 non
723 3103 784 3174 pro
807 3115 873 3156 nem
887 3092 1083 3182 affluitatem:
1096 3098 1249 3180 proetered
1266 3099 1396 3163 dicebat

195 3179 309 3263 gratid
325 3190 501 3260 accepturos
517 3178 594 3250 illud
605 3179 686 3259 quod
693 3177 784 3258 polli-
798 3177 907 3264 soeduu
923 3202 995 3243 cum
1007 3183 1163 3264 Jugurtbi
1176 3184 1395 3246 interemisse.

201 3275 307 3326 ceatur
321 3262 463 3346 quoniam
479 3264 574 3325 armis
589 3261 722 3346 amplius
733 3282 783 3326 vo·
849 3267 861 3302 ⁴
878 3265 1028 3330 Ceterum
1041 3269 1232 3330 constituunt
1245 3289 1307 3354 que
1317 3268 1396 3331 uiua

199 3347 340 3412 luissent.
678 3402 681 3416 ,
806 3362 879 3412 cunt
895 3353 986 3414 utilia
1005 3355 1049 3414 od
1065 3354 1265 3416 simulandum
1280 3366 1395 3438 pacem

243 3431 427 3520 Quoniam
443 3432 641 3518 Jugurtbom
654 3435 687 3498 iu
696 3446 783 3519 pote·
807 3436 895 3521 cujac
926 3437 1120 3522 Jugurtba,
1134 3439 1270 3525 desectus
1307 3439 1397 3520 bello,

200 3515 428 3583 staretabereu
807 3523 1089 3593 erutauidicrimua.

727 3691 842 3742 Nom

234 3829 250 3864 a
270 3815 304 3890 ut¹
318 3815 396 3877 quid]
419 3815 529 3882 Absque
548 3813 600 3868 hie
618 3817 785 3882 exceptione,
805 3817 875 3882 lone,
884 3835 917 3872 an
925 3827 1013 3886 pacto,
1021 3821 1153 3874 Numidiae
1164 3829 1267 3889 partem
1275 3821 1400 3890 aliquam

200 3897 259 3948 quac
271 3877 357 3930 minus
367 3881 524 3942 urbaueest,
533 3884 637 3950 relique
646 3883 783 3948 aptissime
807 3887 930 3938 Bocchus
939 3889 1097 3946 obtinuerit;
1111 3887 1214 3941 aurerd
1222 3891 1401 3954 totumiutud

200 3945 374 4004 cohaerebant.
760 3999 769 4004 ,
808 3953 1402 4024 sitdecpeintelligendumquamlugdrthn,

234 4011 386 4074 balonea]
407 4013 497 4062 Multo
508 4013 597 4066 officio
611 4016 707 4082 Syllam
720 4019 786 4068 Boc·
808 4018 830 4068 ei
848 4019 945 4072 linibus
962 4023 1071 4089 integris
1084 4023 1168 4074 lodus
1185 4037 1247 4074 cum
1265 4024 1402 4075 Romanis

200 4079 267 4131 chus
280 4084 437 4143 prosecutus
448 4088 514 4139 erat,
522 4080 635 4146 idedque
644 4082 784 4134 Sallustius
808 4095 976 4153 pungeretur,
988 4091 1095 4141 Boccho
1108 4090 1249 4140 maximam
1260 4087 1374 4141 fecerat.

200 4147 237 4223 ad
247 4162 280 4224 ee
291 4143 389 4211 Syllam
401 4158 461 4194 cum
473 4149 605 4200 modestia
617 4150 785 4215 respondisse
840 4153 859 4202 d
876 4155 987 4220 Ftuxn]
1006 4157 1082 4220 Ergd
1096 4158 1258 4221 Iugurtham,
1274 4171 1403 4222 quocum

201 4213 276 4264 droit.
513 4278 520 4290 ⁹
809 4219 891 4270 foedna
905 4220 1014 4274 inivisse
1025 4239 1096 4284 eum,
1107 4224 1237 4286 neminem
1254 4222 1362 4284 latebat.

236 4295 251 4330 c
263 4277 383 4346 Petere]
398 4279 458 4330 Nou
470 4285 536 4334 satis
547 4283 721 4352 cognescitur
731 4282 796 4350 bel·¹
839 4302 855 4339 c
866 4287 1011 4357 studebam]
1024 4292 1122 4361 Baculo
1132 4297 1157 4350 et
1168 4292 1316 4358 Iugurtha.-
