3034 5054
524 326 845 400 FRAGMENTA.
1220 335 1287 406 sss

100 501 305 586 Campaniam
325 499 443 576 tenuit3
465 514 501 564 ut
517 499 668 579 Helenus,
683 500 738 583 qni
755 511 809 565 ²ut
827 499 891 578 alii,
904 497 1092 579 Sardiniam,
1106 496 1282 564 secundum

99 589 294 653 Sallustium.
319 593 401 650 Serv.

142 673 344 738 Sallustianus
361 670 559 754 Calpurnius.
587 671 796 754 Hieronymus
810 671 956 734 aduersus
970 669 1041 755 Res.

143 757 342 841 Calpurniani
357 758 515 840 discipuli.
539 757 630 834 Idem,
641 757 759 819 ibidem.

79 905 84 922 ,
140 842 287 906 bTamen
311 844 439 924 vulgata
461 843 527 925 jam
550 863 599 903 res
620 857 667 904 est
690 842 853 925 gentilium
873 842 1109 924 proprietatum.
1159 840 1283 904 Comici

100 930 243 1012 Phyrgas
259 928 388 989 timidos
404 928 547 990 illudunt.
576 925 740 990 Sallustius
755 949 850 990 vanos
868 927 1013 1006 Mauros,
1028 943 1058 991 ct
1073 927 1193 992 feroces
1205 929 1283 990 Dal-

98 1031 198 1078 matas
211 1027 225 1055 ⁰
235 1014 345 1096 pulsat.
379 1012 505 1074 Tertull.
523 1013 560 1074 de
573 1012 689 1073 animai.

141 1101 324 1162 Sarcasmus
339 1096 528 1162 Chleuasmo
543 1097 689 1180 proxima
701 1111 759 1176 est,
772 1111 804 1160 et
819 1097 929 1160 similis
942 1097 1050 1180 figuti,
1064 1099 1124 1179 qui
1135 1098 1280 1160 adversa·

101 1179 222 1248 riorum
244 1182 337 1258 facta,
356 1203 428 1246 cum
451 1183 685 1244 exacerbatione
705 1183 835 1244 admissi
857 1203 978 1260 eorum,
998 1183 1188 1244 lacessimus.
1233 1183 1284 1248 Ut

99 1271 185 1353 apud
200 1268 381 1330 Sallustium
396 1268 436 1330 de
452 1266 543 1328 Sullae
557 1266 750 1329 crudelitate.
791 1267 840 1330 Ut
855 1267 887 1326 in
904 1267 956 1327 M.
974 1267 1081 1328 Mario
1097 1266 1171 1328 clim
1187 1265 1285 1332 fracta

99 1353 191 1439 priuis
206 1373 296 1414 crura
309 1373 364 1434 per
380 1368 464 1416 artus
479 1351 644 1434 expiraret.
668 1350 741 1437 Jul.
755 1350 945 1438 Rufinianus
957 1352 993 1414 de
1003 1353 1164 1416 schematis
1172 1351 1283 1418 lexeo'a.
1297 1371 1301 1378 ’

142 1437 397 1520 Mesopotameni
412 1437 554 1500 homines
569 1435 724 1499 effrenatas
738 1437 874 1500 libidinis
889 1450 972 1518 sunt,
986 1454 1021 1501 ut
1036 1436 1200 1502 Sallustius
1215 1458 1283 1502 me·

95 1524 189 1588 minit
203 1523 236 1584 in
251 1537 383 1604 utroque
399 1543 488 1586 sexu.
509 1520 620 1586 Glossce
635 1523 669 1584 in
684 1519 880 1608 Juvenolem.

141 1606 328 1671 dAntonius
349 1606 400 1669 ille
422 1608 519 1669 trium
539 1607 753 1669 Antoniorum
773 1621 945 1691 corruptor,
967 1608 1018 1672 ille
1040 1606 1215 1689 Sallustius,
1228 1609 1285 1694 qui

98 1713 161 1758 orae
176 1693 340 1756 maritimae
356 1688 417 1774 qui
434 1691 611 1755 Romanum
627 1707 709 1754 esset
724 1692 903 1776 imperium,
918 1693 1089 1758 contrarius
1104 1695 1223 1778 piratis.
1248 1695 1284 1758 Si

98 1799 209 1842 omnes
224 1777 325 1838 socios
337 1790 369 1836 et
384 1775 521 1836 maximis
536 1775 665 1836 Graecos
680 1775 840 1840 Asiaticos
852 1799 888 1841 ac
902 1778 1024 1842 Siculos
1035 1779 1168 1843 fortunis
1181 1780 1285 1844 omni·

96 1865 158 1928 bus
173 1862 393 1944 spoliaverunt.
417 1859 536 1922 Eudeoa
547 1859 668 1921 Glossoe.

130 1951 258 1996 Σιλλκςνν
276 1945 302 1992 dt
315 1943 455 2007 θαυμαζω,
471 1960 529 1991 rori
548 1959 650 2006 aporos,
668 1943 748 2005 ωφθννν
768 1948 895 2008 ’Pupulus
915 1955 1038 2009 κὰμννεν,
1052 1947 1167 2010 asperior,
1182 1964 1203 1997 rr
1218 1967 1286 2011 usos

93 2045 208 2094 προτερον
222 2045 265 2079 rar
275 2043 345 2087 μετα
359 2030 486 2077 iuraturos
499 2042 646 2077 ννκνσαντας
659 2027 787 2094 Ἀντννχνν
796 2046 864 2089 mro,
875 2045 939 2090 μντν
953 2045 995 2079 rur
1011 2046 1115 2094 νναγχνν
1129 2043 1183 2093 opor
1196 2033 1287 2096 Ὀρχο-

94 2129 158 2176 astru
170 2128 213 2160 uota
225 2127 281 2174 mapa
293 2117 432 2174 Xoerpurrutr
445 2112 573 2174 Ἀρχνλνιω
588 2125 768 2175 persequantur
785 2127 910 2176 ηνωνινννιν
928 2127 1052 2172 suuntur.
1086 2097 1128 2158 Id
1138 2109 1207 2168 esi:-
1217 2095 1286 2176 SA}-

97 2181 228 2243 lustium
243 2177 393 2250 demiror,
409 2179 463 2258 qui
486 2190 636 2254 autumat,
651 2194 720 2242 tum
742 2181 879 2261 primum
895 2179 979 2241 visos
1000 2177 1151 2243 Romanis
1170 2181 1285 2245 Came·

96 2266 158 2341 los,
183 2261 271 2344 quiid
294 2282 394 2342 neque
415 2262 491 2325 olim
512 2261 581 2324 illus
601 2266 655 2342 qui
679 2265 759 2338 duce
780 2263 924 2348 Scipione
940 2263 1135 2329 Antiochum
1159 2267 1285 2334 device·
1351 2283 1356 2310 ¹

97 2363 183 2427 runt,
197 2368 299 2430 neque
322 2346 379 2408 hos
395 2347 450 2428 qui
472 2348 512 2409 ad
534 2347 793 2411 eOrchomenum
816 2365 847 2411 et
863 2350 1065 2411 Chaeroneam
1086 2366 1285 2418 certaverunt
1337 2351 1352 2421 l

98 2455 173 2498 cum
190 2433 359 2508 Archelao,
373 2433 466 2494 nosse
480 2437 636 2515 putaverit
651 2434 828 2497 Camelum.
851 2434 1037 2498 Plutarchus
1051 2437 1085 2499 in
1100 2437 1205 2500 Lucul.
1237 2477 1239 2482 ·

129 2525 268 2570 lanatis-ior
284 2534 329 2578 μιν
347 2535 372 2568 κν
391 2531 459 2579 pror,
476 2533 587 2595 perperat
604 2519 742 2570 decrederat
760 2536 803 2570 rac
822 2519 965 2583 alpium:
984 2537 1045 2584 arpos
1062 2525 1154 2584 uu’ror,
1166 2522 1239 2576 so'dor
1259 2542 1283 2577 st
1349 2541 1354 2547 ’·
1414 2575 1417 2582 Α

96 2619 162 2668 ow
180 2617 211 2648 rra
228 2615 328 2664 mansus
344 2617 405 2664 opor
425 2599 519 2664 Κνξννινν
533 2618 576 2648 aar
591 2615 672 2650 manu
687 2619 747 2665 opor
761 2605 859 2662 Ἀμνσνν
875 2603 916 2649 duo
933 2620 1056 2668 χννμιννας
1073 2605 1124 2669 efer
1146 2623 1167 2654 εν
1188 2623 1285 2670 popm

96 2689 226 2754 drepapcrr
239 2685 458 2751 u‘rapuuohrsrae·
502 2669 543 2730 Id
560 2682 623 2730 edi:
644 2669 690 2730 At
711 2669 874 2732 Sallustius
896 2672 1027 2750 quidem
1044 2671 1141 2748 fuisse
1167 2676 1283 2736 milites

93 2757 166 2841 jam
181 2752 254 2818 inde
270 2752 289 2814 ai
304 2754 457 2843 principio
479 2751 572 2832 mali,
588 2755 642 2831 ait,
656 2754 691 2818 in
707 2774 780 2830 eum
796 2755 998 2840 (Lucullum)
1014 2757 1177 2836 animatos,
1192 2758 1282 2840 quaid

98 2843 142 2904 ad
158 2841 324 2925 Cyzicum,
339 2855 370 2902 et
385 2839 500 2904 iterum
515 2838 556 2903 ad
572 2838 722 2902 Amisum
737 2841 815 2908 duas
832 2840 952 2913 hiemes
970 2863 1024 2905 eos
1039 2842 1072 2905 in
1086 2844 1195 2908 castris
1209 2866 1282 2908 con-

98 2927 254 2991 tinuisset.
277 2926 369 2993 Idem.

615 3077 619 3086 '
633 3091 748 3140 morin.

133 3330 150 3364 a
165 3315 199 3364 Ut
215 3313 284 3376 olli]
307 3313 384 3370 Quod
401 3313 447 3363 hic
466 3313 559 3364 deesse
579 3315 680 3368 clarum
734 3313 909 3379 dotaremus]
927 3313 1045 3367 Pessimi
1057 3317 1228 3385 depravatum
1240 3333 1285 3376 est
1312 3316 1316 3336 “

97 3386 143 3433 est
154 3395 188 3429 ex
199 3380 258 3428 luco
270 3381 407 3444 superiori,
419 3381 464 3444 qui
477 3379 510 3431 de
524 3383 573 3431 hic
584 3382 641 3446 ipsi
653 3396 680 3432 re
703 3380 776 3431 istud
786 3379 969 3446 fragmentum.

98 3447 167 3514 agit,
178 3442 256 3495 facile
270 3460 420 3509 cognusces.
480 3455 486 3460 ··
649 3511 651 3517 Ι
734 3464 751 3496 e
767 3447 954 3512 Orchomenum]
976 3450 1154 3504 Orchomenus
1166 3463 1196 3504 et
1208 3456 1282 3507 Chae·

135 3511 151 3560 b
167 3510 281 3574 Turrem]
300 3514 331 3561 Id
342 3518 393 3572 est,
406 3529 483 3563 omnes
497 3517 578 3565 sciunt
590 3529 682 3575 quomo·
702 3513 845 3563 roneaduae
860 3525 923 3564 sunt
934 3517 1033 3566 Boeotia
1044 3519 1122 3570 urbes
1134 3521 1167 3570 ad
1178 3537 1283 3575 amnem

100 3583 132 3630 «10
142 3582 245 3628 invicem
256 3581 301 3628 sibi
313 3583 419 3642 paredum
430 3585 517 3632 innota
527 3585 591 3637 vitia
599 3584 683 3646 populi
702 3579 843 3644 cephisum
853 3602 860 3637 t
881 3596 1024 3648 quanquam
1041 3585 1157 3648 priorem
1174 3589 1282 3654 Sophia·

98 3646 256 3710 exprobrent.
702 3644 849 3714 nusrnagis
862 3648 897 3698 ad
906 3650 1172 3710 meridiemcollocat.
1261 3647 1266 3657 “

134 3712 271 3776 eferunt]
282 3713 384 3778 arguit,
397 3723 472 3764 notat.
