3034 5054
495 341 943 421 1NM.TULL.ctcE1s
1084 443 1086 450 Α
1250 339 1313 406 ets

129 518 262 583 domum
278 515 419 586 emebat:
437 516 490 600 qui
506 517 678 582 verb‘nihil
690 531 822 604 poterat,
832 517 859 580 is
875 521 941 582 eta't
956 511 1117 580 calumniae
1132 513 1312 598 proximus;

126 605 157 668 is
170 619 224 667 aut
231 605 360 668 domum
373 617 458 688 tuam
472 618 685 688 oppugnatum
697 619 834 680 venerat,
843 618 897 667 aut
908 602 1038 666 insidias
1047 601 1167 665 senatui
1178 600 1313 664 fecerat:

129 688 269 772 denique
285 690 324 752 de
340 711 378 765 eo
390 689 446 754 tibi
461 699 679 772 ³compertum
694 705 771 755 erat.
795 689 875 766 Quae
886 688 913 751 si
924 689 980 752 tibi
993 687 1070 750 falsa
1081 686 1206 772 objicio,
1215 685 1329 752 redde

127 774 294 852 rationem,
308 777 459 858 quantum
482 777 660 858 patrimonii
679 776 854 860 acceperis;
878 775 955 856 quid
969 775 1025 836 tibi
1042 775 1149 836 litibus
1169 794 1313 835 accreve-

129 859 190 932 rit;
206 863 266 942 qui
280 881 320 922 cx
335 859 464 944 pecunie
479 863 609 924 domum
626 864 793 946 paraveris,
808 862 1030 936 Tusculanam,
1046 875 1077 922 et
1089 859 1314 941 Pompeianam

130 944 252 1008 infinito
263 959 391 1030 sumptu
403 945 617 1010 aedificaveris.
642 947 722 1023 Aut,
734 949 760 1011 si
773 947 901 1020 retices;
918 947 967 1010 cui
977 945 1108 1009 dubium
1120 959 1222 1028 potest
1233 965 1316 1021 esse,

72 1039 76 1048 “
129 1031 204 1112 quin
220 1031 411 1114 opulentiam
427 1032 518 1095 istam
540 1053 581 1096 ex
600 1033 750 1116 sanguine
762 1047 795 1098 'et
809 1031 981 1096 visceribus
997 1031 1113 1095 civium
1132 1028 1312 1113 paraveris?

128 1115 265 1194 Veritm,
283 1130 319 1180 ut
340 1116 462 1200 opinor,
482 1117 578 1180 homo
600 1139 701 1181 novus
718 1116 736 1155 '¹'
747 1117 897 1200 Arpinas,
915 1127 977 1181 een
1001 1117 1040 1180 C.
1065 1115 1163 1178 Marii
1185 1113 1315 1192 familiai,

127 1200 197 1285 ejus
213 1203 361 1264 virtutem
377 1203 537 1265 imitatur:
561 1204 732 1266 contemnit
754 1203 944 1267 simultatem
966 1202 1131 1264 homiuum
1150 1200 1315 1280 nobilium,

125 1286 234 1370 populi
251 1285 292 1347 R.
312 1307 419 1361 curam
440 1287 549 1349 babet:
573 1310 673 1371 neque
696 1301 825 1360 terrore,
840 1307 942 1372 neque
963 1287 1072 1370 gratiis,
1085 1301 1313 1349 commovetur.

127 1371 216 1434 Illud
230 1393 306 1434 vero
322 1371 466 1436 amicitiae
481 1383 615 1451 tantum,
629 1395 664 1437 ac
677 1375 801 1437 virtutis
815 1373 887 1436 dest
903 1373 1019 1436 animi?
1044 1367 1149 1434 lmmo
1164 1369 1240 1434 verb
1256 1372 1313 1434 ho·

126 1477 181 1520 mo
192 1457 382 1537 levissimus,
393 1459 524 1542 supplex
535 1459 671 1522 inimicis
683 1459 792 1523 amicis
803 1458 1064 1522 contumeliosus:
1081 1457 1177 1520 modti
1190 1456 1315 1535 harum,

43 1551 48 1565 '
127 1541 226 1605 modo
244 1543 379 1622 illarum,
392 1543 545 1626 partium:
564 1543 646 1608 fidus
661 1545 777 1608 nemini
790 1571 798 1618 ς
815 1544 992 1606 levissimus
1007 1558 1141 1619 senator,
1156 1563 1314 1606 mercena·

126 1627 193 1691 rius
209 1644 376 1712 patronus;
392 1629 482 1712 cujus
498 1629 581 1690 nulla
596 1650 667 1711 pars
682 1630 821 1712 corporis
836 1627 854 1690 ai
869 1629 1062 1710 turpitudine
1079 1643 1187 1695 vacat:
1207 1629 1320 1710 lingua·

125 1733 218 1788 vana,
229 1729 340 1776 manus
351 1713 570 1794 rapacissima,
582 1715 653 1794 gula
665 1715 828 1791 immensa,
836 1715 932 1797 pedes
943 1711 1087 1795 fugacem
1104 1735 1172 1795 quae
1183 1710 1314 1776 honeste
1386 1725 1388 1734 '

126 1797 281 1859 nominari
303 1817 365 1857 non
387 1807 526 1878 possunt,
547 1796 830 1866 ‘inhonestissime
876 1798 984 1878 Atque
1008 1798 1046 1874 is,
1061 1821 1133 1860 cum
1156 1797 1314 1882 ejusmodi

125 1881 178 1955 sit,
193 1895 299 1950 tamen
318 1880 415 1942 audet
434 1879 558 1942 diceret
580 1875 624 1941 fO
633 1879 832 1964 fortunatum
848 1891 952 1942 natam
968 1901 1014 1942 me
1030 1885 1150 1944 console
1163 1885 1316 1946 Romam!

125 1965 176 2028 Tc
199 1965 326 2029 consule
341 1964 541 2042 fortunatam,
557 1962 693 2027 Cicero?
716 1963 822 2027 lmmti
839 1964 915 2028 verb
933 1963 1089 2048 infelicem
1105 1981 1136 2028 et
1155 1967 1315 2046 miseram,

126 2071 196 2132 quae
218 2050 480 2138 crudelissimam,
491 2049 773 2133 gproscriptionem
789 2051 907 2114 civium
927 2071 1073 2133 perpessa
1088 2065 1153 2112 est:
1178 2051 1253 2114 crim
1268 2067 1316 2132 tu,

125 2136 303 2220 perturbati
326 2156 392 2220 rep.
412 2149 497 2198 metu
517 2135 676 2218 perculsos
690 2156 800 2199 omnes
822 2139 919 2198 bonos
939 2155 1046 2218 parere
1062 2137 1238 2216 crudelitati
1254 2156 1315 2209 tuae

125 2222 261 2304 cogebas
273 2243 281 2282 ι
298 2219 372 2284 crim
385 2221 489 2286 omnia
499 2219 633 2304 judicia,
644 2243 752 2284 omnes
764 2223 850 2304 leges
862 2222 893 2283 in
905 2221 1108 2283 totilubidine
1120 2237 1205 2283 erant
1213 2247 1222 2296 ;
1239 2222 1315 2286 cirm

126 2322 174 2386 tu,
189 2306 307 2369 sublati
317 2309 386 2389 lege
402 2304 547 2384 hPorcii,
562 2309 666 2391 erepti
679 2308 831 2384 libertate,
848 2309 989 2370 omnium
1005 2307 1147 2368 nostritm
1163 2307 1245 2382 vitae,
1260 2329 1314 2370 ne·

127 2393 247 2474 cisque,
256 2407 441 2474 potestatem
453 2393 493 2456 ad
505 2405 537 2454 te
547 2413 644 2468 unum
659 2390 891 2456 *revocaveras
915 2391 1024 2472 Atque
1036 2412 1146 2474 parum
1158 2407 1215 2470 est,
1225 2393 1315 2474 qubd

128 2474 258 2560 impunc
274 2477 387 2555 fecisti,
398 2475 510 2541 verbm
527 2478 621 2540 etiam
635 2478 909 2541 commemorando
924 2477 1109 2562 exprobrem
1125 2497 1225 2558 neque
1241 2479 1315 2544 licet
1385 2511 1387 2514 ’

124 2561 297 2626 '‘oblivisci'
314 2563 473 2626 servitutis
495 2583 568 2626 sue.
612 2561 754 2647 ¹Egcris,
769 2584 825 2627 oro
845 2577 888 2642 te,
903 2563 1027 2637 Cicero,
1041 2560 1209 2644 perfeceris
1227 2565 1314 2646 quod

127 2647 224 2722 libct;
246 2644 323 2711 satis
345 2663 392 2712 est
413 2669 576 2733 perpessos
596 2669 663 2712 esse
675 2675 684 2722 ς
707 2649 840 2711 etiimne
862 2669 954 2712 aures
976 2664 1096 2712 nostras
1121 2647 1229 2710 modio
1257 2663 1313 2712 tuo

127 2733 293 2818 onerabis?
317 2733 463 2798 Etitmne
484 2732 715 2798 molestissimis
730 2735 834 2798 verbis
851 2731 1070 2799 insectaberisl
1094 2731 1208 2796 Cedant
1224 2755 1312 2803 arma

656 2979 771 3030 NOTAE.

158 3189 175 3224 a
189 3174 337 3239 Oompmtum
348 3171 427 3237 etot]
451 3171 483 3223 Id
498 3179 548 3234 est,
563 3174 635 3225 Certo*
648 3177 707 3232 acie·
732 3172 922 3238 rempublicam
936 3169 1058 3224 iclotlio
1069 3178 1099 3224 et
1110 3171 1170 3224 aliis
1182 3169 1316 3242 seditiosis

124 3243 170 3292 bas
182 3258 235 3292 eum
246 3246 402 3306 conjurasse,-
415 3243 507 3297 deinde
522 3251 547 3291 et
559 3246 637 3306 ipsum
648 3259 706 3293 eun·
733 3242 766 3293 ad
777 3241 889 3292 exilium
900 3240 994 3290 Cicero
1004 3241 1156 3304 compulsus
1168 3249 1218 3292 est.
1305 3255 1309 3264 ²

65 3357 68 3360 .
118 3313 178 3386 ,clem
188 3311 409 3378 mortiadclrcebas.
511 3333 515 3336 -
766 3303 1271 3371 h1²02·cta.]ueetvtdesuprimat.

158 3375 175 3425 b
186 3375 314 3438 Arpinas]
325 3375 416 3424 ltrisiu
428 3379 479 3424 est.
764 3373 773 3424 i
785 3373 978 3436 Revocemus]
989 3375 1038 3424 Pet
1049 3373 1155 3424 senatus
1166 3373 1314 3434 decretum,

157 3443 232 3492 cEa·
246 3443 272 3492 0.
285 3439 392 3503 Martii]
416 3436 481 3499 Ideo
499 3437 577 3502 dicit,
588 3436 662 3506 qnod
678 3445 706 3490 et
735 3442 848 3491 Videreut
860 3443 967 3490 consules
979 3455 1009 3488 rte
1021 3441 1082 3502 quid
1091 3441 1227 3502 respublica
1238 3446 1314 3492 detri-

123 3508 237 3568 Matius,
251 3506 328 3574 cujus
340 3509 424 3558 virtus
439 3505 553 3558 maxime
564 3509 705 3572 enituerat,
731 3509 804 3556 menti
816 3514 921 3570 caperet.
954 3508 1023 3554 Nam
1035 3505 1091 3569 ipse
1105 3506 1176 3554 urbis
1189 3509 1312 3570 praesidio

124 3574 226 3640 Arpino
239 3574 366 3627 oriundus
378 3582 458 3624 esset.
731 3573 842 3623 relictus
853 3572 915 3630 luit,
927 3571 1058 3628 Antonius
1074 3571 1183 3637 Collega
1195 3573 1314 3641 conjura·

61 3659 62 3664 ¹
158 3641 241 3691 dErt
258 3639 356 3703 citimi]
375 3639 407 3690 ld
427 3647 477 3700 est,
494 3655 528 3690 un
548 3656 593 3692 eat
612 3637 705 3691 tonttlm
731 3643 1018 3704 tospersequutusest.

110 3709 198 3784 diribet
210 3706 427 3758 vermescerent?
763 3705 782 3756 lt
799 3705 934 3766 Oblivisci]
953 3707 1010 3756 lluu
1024 3700 1084 3756 ideti
1098 3703 1173 3764 dicit,
1184 3703 1258 3768 quod
1269 3708 1312 3759 ci-

157 3790 173 3824 e
192 3771 411 3840 Inhonestum]
432 3774 491 3824 Jam
510 3772 592 3838 supra
611 3771 703 3824 endem
726 3787 792 3824 cero
803 3772 946 3836 diligentie
964 3786 1016 3822 suat
1030 3775 1056 3822 in
1068 3771 1205 3822 liberanda
1218 3775 1313 3840 repub.

125 3840 301 3906 exprobravit.
331 3871 334 3874 -
731 3837 888 3904 licasaepitls
903 3837 1059 3889 mentionem
1073 3837 1178 3890 fecerat.
1242 3882 1243 3885 ,

100 3901 108 3908 ”
158 3907 174 3957 s
183 3909 203 3958 0
208 3901 389 3974 fortunatam]
404 3908 504 3958 Versus
516 3902 624 3969 scripsit
632 3903 705 3956 Cice·
763 3906 773 3956 l
790 3903 907 3970 Egeria]
928 3905 1009 3962 Quasi
1028 3906 1107 3964 dicat,
1123 3905 1193 3965 Esto,
1212 3910 1313 3968 picando

126 3989 156 4024 ro
169 3973 203 4024 de
221 3989 268 4024 suo
286 3973 434 4040 consulatu,
444 3987 558 4038 quorum
573 3971 618 4020 hic
636 3985 703 4022 unus
728 3976 766 4022 ita
779 3977 898 4037 placitum
909 3974 1012 4036 superis,
1024 3973 1194 4034 remmabticam
1211 3975 1312 4038 rb‘sjece⁴

80 4084 82 4089 .
124 4047 178 4102 est,
194 4055 271 4104 quem
288 4039 425 4092 luvenalis
447 4055 498 4089 non
514 4033 627 4091 obscuri
650 4047 704 4088 tan·
726 4043 781 4096 ,rins
800 4047 833 4102 flue
854 4043 955 4104 irtsuper
973 4041 1134 4091 calamitatem
1152 4041 1219 4088 nobit
1241 4045 1314 4091 toties

124 4120 203 4174 quarn
218 4107 361 4157 ridendum.
369 4103 548 4172 reprehendit.
729 4109 837 4173 objicias.
1319 4149 1323 4158 Δ

160 4171 428 4239 gProecn'ptionem]
464 4171 537 4222 Dicit
557 4186 608 4220 non
626 4166 702 4238 juste
763 4187 788 4222 m
806 4169 889 4235 ostia]
910 4170 1025 4220 chvim
1043 4169 1331 4233 habetpeculiareme.

126 4239 252 4292 multatos
263 4238 345 4292 luisse
357 4240 403 4306 qui
420 4253 481 4290 cnm
495 4236 607 4288 Catilint
618 4235 706 4304 conju·
730 4237 863 4306 significat
878 4237 949 4286 eninr
963 4235 1068 4300 odium,
1083 4237 1309 4306 importunitatem
1400 4296 1404 4302 .

125 4313 254 4362 caverant.
279 4309 338 4356 Non
348 4307 388 4356 ἰή
400 4304 522 4358 arbitrati
532 4312 592 4356 sunt
600 4304 660 4354 boni
670 4305 705 4354 ci·
730 4319 763 4361 ex
776 4322 804 4366 re
816 4302 931 4366 manime
941 4304 1039 4360 odiost.

116 4387 187 4442 lter:
200 4373 304 4440 interim
315 4373 348 4424 ob
359 4381 489 4429 servatam
500 4379 565 4436 tunc
577 4371 705 4440 temporis
