3070 5034
231 284 276 338 ss
687 262 937 331 swnnuusru

230 461 244 486 ²
259 461 367 528 agrum
384 426 546 515 Picenum,
563 435 601 502 C.
618 437 738 522 julium
755 438 787 500 in
801 435 815 475 ¹³
827 431 977 518 Apuliam
994 423 1130 511 dimisit,
1141 445 1293 516 praterea
1308 429 1413 502 alium

228 531 304 602 alib,
326 549 421 609 quem
439 527 553 606 ubique
567 539 778 608 opportunum
793 524 853 584 sibi
868 523 934 582 fore
950 521 1106 586 credebat.
1152 519 1277 599 Interea
1297 515 1410 583 Romae

228 619 327 678 multa
336 613 429 677 simul
440 613 558 671 moliri:
572 609 690 671 consuli
702 608 829 672 insidias
838 608 981 687 tendere:
995 627 1101 689 parare
1113 603 1257 666 incendia
1271 625 1279 664 2
1294 623 1410 686 oppor-

229 719 304 764 tuna
312 702 379 762 loca
391 698 518 758 armatis
527 695 706 757 bominibus
719 694 862 755 obsidere
874 713 882 752 τ
897 692 962 775 ipse
972 713 1043 754 cum
1058 692 1140 753 1telo
1149 711 1230 761 csse,
1240 690 1317 752 iteat
1331 689 1410 752 alios

226 789 350 870 jubere,
361 783 491 856 hortari,
507 781 551 842 uti
568 799 690 861 semper
701 779 821 853 intenti,
832 780 992 858 paratique
1002 791 1123 851 essent:
1140 776 1221 849 dies,
1235 781 1409 856 noctesque

229 871 395 934 festinaret
409 867 558 946 vigilare:
575 885 675 946 neque
690 875 703 902 ⁶
715 865 888 940 insomniis,
900 884 1001 945 neque
1016 865 1120 924 labore
1136 859 1271 941 fatigari.
1312 861 1408 922 Post·

181 1016 183 1024 ,
231 953 332 1027 remb,
341 954 392 1014 ubi
405 952 501 1012 multa
511 952 639 1034 agitanti
652 949 728 1012 nihil
739 947 890 1031 procedit,
899 970 1005 1010 rursus
1016 946 1223 1027 dintempesti
1232 945 1321 1008 nocte
1333 966 1410 1008 cou-

135 1097 141 1104 ,.
226 1039 393 1126 jurationis
405 1039 558 1119 principes
570 1049 719 1097 convocat
734 1055 792 1115 pen
807 1035 858 1095 M.
876 1033 1022 1096 Porcium
1039 1035 1176 1108 Laecam,
1191 1032 1295 1113 ibique
1309 1033 1411 1094 multa

231 1129 273 1190 de
282 1124 403 1208 ignavii
412 1141 521 1184 eorum
534 1136 673 1202 questus,
683 1121 775 1182 docet
786 1142 819 1181 se
829 1120 1013 1201 praemisisse
1025 1117 1182 1180 Manlium
1193 1119 1233 1181 ad
1245 1137 1315 1180 eam
1327 1117 1413 1180 mul.-

230 1211 410 1284 titudinem,
426 1226 520 1288 quam
536 1207 577 1273 ad
589 1206 737 1288 capienda
753 1225 840 1266 arma
850 1219 1011 1286 paraverat
1023 1231 1031 1276 t
1044 1206 1119 1266 item
1135 1205 1211 1268 alios
1224 1204 1255 1270 in
1267 1204 1412 1268 alialoca

227 1297 415 1380 opportuna,
427 1293 484 1372 aqui
501 1293 626 1354 initium
640 1290 716 1351 belli*
728 1288 885 1359 facerent3
902 1311 998 1370 seque
1011 1289 1051 1350 ad
1066 1291 1239 1352 exercitum
1253 1291 1410 1372 proficisci

231 1401 356 1464 cupere,
371 1379 397 1442 si
414 1375 501 1460 prius
518 1375 704 1438 Ciceronem
716 1376 921 1456 oppressisset
930 1400 939 1447 3
955 1394 1028 1435 eum·
1044 1376 1110 1438 suis
1123 1373 1264 1437 consiliis
1274 1376 1411 1442 multum

230 1467 364 1530 officere.
388 1462 503 1544 Igitur,
517 1460 690 1543 perterritis
701 1480 738 1521 ac
751 1457 965 1521 dubitantibus
981 1461 1110 1537 caeteris,
1126 1461 1165 1524 C.
1185 1459 1363 1538 Cornelius,
1378 1483 1412 1524 e·

161 1561 163 1566 ’
231 1574 309 1634 ques
325 1549 496 1624 Romanus,
518 1565 646 1628 operam
662 1565 752 1606 suam
768 1544 935 1624 pollicitus,
950 1561 981 1606 et
994 1563 1066 1606 cum
1083 1568 1121 1606 eo
1136 1547 1177 1611 L.
1194 1547 1412 1626 Vargunteius

230 1637 362 1702 &natos
377 1632 567 1696 constituere
588 1633 648 1692 ²eti
662 1643 752 1690 nocte
766 1629 860 1710 paule
878 1627 961 1710 pbst,
981 1651 1054 1691 cum
1070 1633 1201 1694 armatis
1217 1631 1415 1711 bominibus,
1452 1709 1457 1716 ,

231 1721 325 1784 sicuti
340 1719 520 1792 salutatum,
537 1716 664 1778 introire
681 1715 720 1778 ecl
736 1713 935 1788 Ciceronem,
950 1728 982 1777 et
996 1715 1037 1782 de
1051 1716 1227 1798 improviso
1243 1717 1330 1780 domi
1347 1740 1413 1785 sura

232 1807 418 1888 imparatum
426 1800 606 1866 confodere.
618 1801 748 1872 Curius,
758 1801 809 1860 ubi
816 1799 978 1882 intellegit,
990 1817 1141 1884 quantum
1153 1804 1328 1885 periculum
1339 1827 1413 1870 cona

230 1894 292 1956 suli
308 1888 498 1972 impendeat,
511 1884 642 1968 propere
660 1907 715 1967 per
732 1885 875 1946 Fulviam
895 1883 1040 1948 Ciceroni
1053 1888 1160 1948 dolum
1174 1891 1228 1969 qui
1246 1891 1412 1971 parabatur

232 1977 384 2039 enunciat.
400 1974 449 2034 Ita
460 1971 505 2034 illi
516 1973 631 2054 ‘janua
641 1971 799 2053 prohibiti,
809 1985 929 2038 tantum
941 1971 1060 2034 lacinus
1073 1973 1187 2036 frustra
1197 1995 1411 2058 susceperant.

233 2065 358 2125 Interea
373 2057 512 2142 Manlius
529 2057 560 2119 in
571 2057 699 2120 Etrurii
710 2057 831 2138 plebem
843 2055 1010 2130 solicitare,
1020 2073 1156 2140 egestate
1175 2061 1279 2136 simul,
1288 2083 1323 2130 ap
1335 2059 1347 2112 t
1353 2065 1415 2126 (10.

231 2151 297 2210 lore
320 2144 440 2228 iujuriae
463 2161 614 2204 novarum
637 2161 743 2208 rerum
756 2141 924 2223 cupidam,
955 2143 1044 2223 quod
1068 2143 1162 2208 Sullae
1186 2145 1414 2228 dominatione,

180 2283 183 2287 .
232 2241 335 2315 agras,
357 2231 498 2310 binaque
513 2227 620 2289 omniu
631 2228 799 2299 amiseratr
821 2243 980 2310 praeterea,
996 2230 1301 2315 latrones'cujusque
1317 2256 1413 2316 gene.

232 2320 277 2381 ris
299 2333 431 2398 quorum
448 2313 480 2374 in
496 2333 533 2380 ea
555 2312 681 2394 regione
699 2313 917 2395 magna·”copia
933 2329 1019 2377 erat:
1043 2315 1206 2382 nonnullos
1222 2338 1261 2380 ex
1277 2319 1415 2386 Sullanis
1516 2367 1517 2392 2

233 2401 396 2476 §coloniis
412 2399 525 2482 quibus
538 2398 646 2470 lubido
657 2411 750 2480 atque
763 2398 887 2460 luxuria
899 2419 940 2462 ex
950 2402 1196 2484 magnisrapinis
1208 2401 1413 2490 nibil-reliqui

232 2487 398 2550 fecerant..
413 2483 460 2545 Ea
476 2482 550 2546 cum
560 2483 714 2549 ,Ciceroni
730 2484 961 2558 nunciarentur,
975 2481 1126 2568 hancipiti
1145 2487 1226 2550 malo
1241 2499 1416 2570 permotus,

233 2573 322 2654 qubd
336 2591 435 2652 neque
452 2573 562 2630 urbem
575 2569 613 2631 ab
625 2567 748 2630 insidiis
760 2571 883 2650 privato
894 2570 1024 2634 consilio
1035 2569 1161 2652 longius
1173 2575 1255 2634 tueri
1270 2578 1415 2655 p0i0r³t3

232 2679 334 2739 neque
351 2655 505 2718 exercitus
521 2653 638 2716 Manlii
655 2670 800 2734 quantus,
814 2671 868 2716 aut
881 2675 944 2736 quo
960 2657 1090 2722 consilio
1104 2654 1196 2734 foret,
1212 2655 1310 2722 isaii-⁰³
1326 2684 1416 2731 coms

675 2761 970 2850 mussansrs'rro.

276 2887 287 2921 ¹
306 2884 385 2966 rIpse
405 2902 471 2944 cum
488 2881 594 2963 gladio
609 2882 642 2942 in
657 2881 810 2964 publicum
837 2883 1020 2944 ceronemcci
1032 2870 1416 2976 nocte,paulipist,sicuti
1515 2911 1516 2914 ¹

228 2970 383 3061 prodibat.
754 3041 755 3044 Ἴ
836 2967 1150 3048 ,salutatumiuiccenu

275 3055 534 3144 {constituerunt
555 3055 685 3124 introire
699 3056 743 3116 ad
760 3055 810 3116 Οἱ·
897 3111 899 3116 ,
939 3075 941 3080 ·

699 3247 701 3252 ·
766 3226 881 3294 sorus.

262 3384 385 3446 pagrum
393 3378 531 3442 Picenum]
538 3382 568 3428 ln
580 3378 669 3430 media
679 3386 814 3446 propemo÷
869 3397 887 3446 g
900 3377 1027 3444 Colobae]
1038 3379 1116 3446 Syllae
1124 3381 1415 3452 militeserant‚quibus

233 3449 388 3508 desultabit,
404 3447 437 3495 ad
449 3445 711 3498 marsumaticum:
725 3450 814 3510 bodie,
835 3447 1024 3498 iletruscorunr
1046 3463 1124 3512 agros
1145 3449 1282 3514 diviserat,
1305 3449 1375 3516 qudd
1394 3451 1415 3504 ii

233 3515 526 3564 ermarclrecl'slncone.
678 3561 680 3566 ,
834 3517 913 3582 ularii
924 3523 1013 3579 partes
1023 3515 1107 3564 secuti
1121 3513 1217 3568 essent.
1302 3563 1307 3573 ,

270 3581 286 3628 b
299 3579 439 3644 Aprilium]
462 3579 503 3628 ud
516 3593 587 3630 mare
600 3579 764 3632 Adriaticum
774 3580 814 3647 js.
869 3581 886 3630 h
904 3581 1034 3647 surripui]
1063 3581 1094 3632 ld
1107 3593 1158 3644 est,
1180 3585 1249 3648 quiid
1265 3592 1298 3638 e'x
1309 3588 1417 3650 strupra„

234 3655 285 3700 cet,
298 3646 324 3694 in
336 3649 414 3698 ltaliae
425 3648 473 3698 orb
486 3645 815 3714 ext1·cmbferti,quaever·
831 3657 905 3717 parte
916 3651 1059 3699 imminebat.
1189 3651 1192 3657 '
1405 3687 1417 3704 .

233 3712 274 3777 git
286 3712 318 3763 ad
331 3715 469 3764 orientem.
869 3713 983 3780 idetis]
1019 3719 1060 3766 Ex
1078 3722 1133 3768 tolo
1146 3717 1198 3782 hoc
1209 3719 1317 3786 negotio
1333 3719 1407 3770 maxi

266 3780 440 3843 claremaus]
474 3782 603 3831 lnsornnia
619 3790 661 3834 est
678 3780 739 3834 cum
751 3783 813 3848 quis
835 3797 904 3832 mum
920 3791 992 3832 certe
1004 3792 1064 3834 erat
1075 3785 1233 3849 periculum.
1259 3782 1325 3836 Grlrn
1343 3785 1416 3838 enim

232 3844 349 3894 dormire
362 3858 412 3894 non
425 3853 523 3910 potest.
837 3851 861 3899 in
871 3857 963 3900 senatu
973 3850 1031 3915 ipso
1039 3852 1145 3916 plurimi
1155 3857 1253 3911 essent,
1262 3851 1334 3927 iique
1344 3867 1418 3900 max-

267 3912 465 3974 dIntenrpestri]
503 3917 578 3965 Circo
595 3917 697 3964 mediam
714 3927 814 3982 noctem,
836 3917 885 3966 ime
898 3925 1030 3980 potent-es,
1048 3919 1092 3981 qui
1105 3918 1276 3986 conjurationi
1288 3919 1416 3984 laterent,

233 3976 285 4028 erim
295 3987 388 4042 temptes
397 3995 443 4027 non
453 3991 489 4029 est
500 3979 602 4046 simplicia
614 3987 738 4047 operandi.
754 3987 813 4036 Cou·
835 3983 991 4033 invidiosum
1003 3997 1061 4034 crat
1072 3983 1192 4034 ltomind's
1205 3999 1331 4031 accusare
1342 3994 1417 4032 tento
1514 3991 1515 4022 ἓ

233 4049 326 4106 ticinio,
345 4048 465 4102 coticulis.
834 4049 921 4100 favore
942 4049 1076 4114 subnixos,
1093 4051 1145 4100 nisi
1166 4050 1265 4114 pariter
1290 4063 1417 4115 coargue-

266 4130 281 4162 e
295 4109 405 4173 samm]
424 4113 556 4162 Ciceronis
572 4115 683 4166 scilicet.
834 4119 938 4166 rentur:
954 4118 1051 4168 deinde
1064 4119 1131 4182 ipsis
1142 4115 1292 4189 reipublice
1304 4116 1416 4181 consilis
1514 4159 1515 4170 ,

265 4177 400 4240 foetore]
429 4177 507 4236 erod
525 4181 574 4234 sibi
586 4181 602 4232 si
616 4183 687 4249 Sylla
703 4182 772 4242 bona
787 4199 812 4234 e·
835 4183 1074 4238 manifestabantur.

233 4245 434 4310 reptafuissent.
923 4253 936 4298 .’
