3034 5054
417 359 419 363 -
458 327 972 424 saranornrunnua,
1235 333 1297 395 aar

263 456 280 482 (l
498 467 499 476 π

125 505 246 581 consul,
262 525 301 567 ex
315 493 607 586 opulentii,verl1m
623 523 663 564 ex
677 502 839 584 dignitate,
854 501 986 564 creatur.
1029 495 1117 561 2sed'
1129 499 1168 561 de
1183 497 1298 582 magis·

124 609 208 656 tratu
232 587 321 654 facile
337 587 441 673 populi
459 589 615 672 judicium
628 589 678 650 sit.
722 589 850 668 Judices
865 583 884 646 ὲ
900 586 1004 668 paucis
1018 584 1151 669 probari,
1167 605 1298 666 regnum
1337 662 1338 668 ἵ

125 693 174 740 est
184 695 196 750 3·
215 697 255 739 ex
276 675 405 758 pecuniis
426 673 500 754 legi,
526 673 735 736 inhonestum.
775 672 886 746 'Quare
909 693 1016 734 ornnes
1038 671 1144 754 primae
1169 667 1299 730 bclassis

123 762 283 846 cjudicare
296 763 405 842 placet,
420 759 476 820 sed
490 757 755 840 duumeroplures
766 756 860 839 quim
871 756 1025 842 judicant.
1061 756 1175 838 Neque
1190 765 1203 792 ⁰
1213 753 1300 816 Rho·

125 849 207 924 dios,
228 867 329 928 neque
352 844 426 906 alias
448 844 599 917 civitates,
621 865 759 926 unquam
780 863 908 905 suorum
924 841 1118 926 judiciorum
1142 840 1300 925 poenituit:

125 933 179 995 ubi
201 927 380 1014 promiscue
394 929 494 1004 dives,
510 936 548 991 et'
562 949 689 1012 pauper,
703 925 765 990 futi
782 929 895 1009 cuique
911 950 979 990 sors
996 929 1077 1004 tulit,
1092 928 1132 989 de
1155 927 1301 988 maximis

124 1019 228 1091 rebus,
238 1014 331 1101 juxti
349 1015 440 1078 aede
455 1015 604 1086 minimis,
619 1015 781 1096 disceptat.
819 1013 882 1076 Sed
896 1014 936 1076 de
952 1010 1182 1096 magistratibus
1194 1032 1300 1073 crean-

123 1102 173 1166 dis
189 1101 273 1164 haud
287 1099 364 1162 mihi
376 1101 504 1182 quidem
519 1097 653 1162 absurde
670 1101 769 1183 placet
781 1099 843 1174 lex,
859 1116 957 1179 quam¹
970 1098 1014 1160 C.'
1024 1096 1187 1163 Gracchus
1203 1098 1234 1159 in
1246 1097 1301 1158 tri·

128 1187 247 1249 bunatu
257 1186 525 1268 promulgaverat3
541 1200 576 1248 ut
590 1205 631 1248 ex
642 1182 781 1247 'confusis
797 1185 935 1266 quinque
951 1185 1099 1246 classibus
1110 1198 1191 1246 sorte
1208 1191 1303 1246 gcen·

122 1272 424 1334 turiaevocarentur.
470 1260 519 1331 lta
541 1272 691 1352 coaequati
712 1269 1032 1351 dignitate,pecunii,
1047 1271 1162 1331 virtute
1186 1269 1303 1333 anteire
1362 1305 1363 1310 κ

123 1357 204 1418 alius
234 1357 331 1422 alium
355 1356 550 1438 properabit:
578 1377 635 1418 nec
659 1377 718 1437 ego
749 1361 860 1434 magna
885 1355 1024 1416 remedia
1047 1352 1152 1417 contri
1178 1354 1303 1438 diuitias

123 1455 237 1505 statuo.
283 1441 369 1503 Nam
391 1441 519 1524 perinde
538 1461 649 1506 omnes
671 1463 720 1502 res
743 1441 917 1514 laudantur,
937 1454 1029 1521 atque
1054 1456 1251 1522 appetuntur,
1268 1453 1305 1501 ut

124 1547 232 1591 earum
249 1547 353 1589 rerum
370 1548 444 1588 usus
460 1539 525 1588 est:
542 1526 659 1588 malitia
672 1526 809 1608 premiis
825 1540 996 1587 exercetur.
1030 1525 1097 1588 Ubi
1113 1547 1148 1586 ea
1161 1525 1304 1608 dempseu

123 1612 179 1683 ris,
193 1633 288 1674 nemo
308 1613 449 1688 omnium
465 1612 624 1692 ²gratuitd
644 1611 748 1674 'malus
770 1624 827 1670 est.
872 1609 1032 1673 Cae‘terirm
1049 1611 1189 1686 avaritia,
1203 1612 1306 1674 bellua

123 1696 201 1768 fera,
215 1696 373 1770 immanis,
390 1695 582 1757 intoleranda
603 1710 672 1756 est:
690 1700 764 1775 ‘quae
787 1694 931 1770 intendit,
952 1695 1078 1776 oppida,
1098 1717 1201 1778 agros,
1224 1695 1306 1772 fana,

124 1797 219 1861 atque
235 1781 357 1853 domos,
372 1792 491 1848 vastat;
514 1779 620 1838 divina
634 1797 707 1838 cum
729 1777 873 1838 humanis
887 1783 1068 1858 permiscet:
1092 1785 1193 1863 neque
1216 1801 1306 1843 exer·

126 1867 207 1928 citus
220 1881 323 1944 neque
337 1863 448 1923 menia
459 1862 591 1939 obstant,
606 1861 671 1942 qud
688 1859 838 1922 minitari
854 1862 909 1922 suti
925 1879 1081 1943 penetret:
1105 1863 1198 1940 famei,
1213 1866 1307 1948 pudi-

126 1951 211 2024 citii,
223 1948 339 2024 liberis,
354 1945 462 2029 patriai,
475 1961 568 2028 atque
583 1945 772 2028 parentibus,
787 1961 913 2008 cunctos
926 1949 1070 2009 mortales
1085 1949 1206 2028 spoliat.
1240 1952 1307 2013 Ve-

125 2035 212 2110 rtim,
227 2035 253 2096 si
265 2032 403 2116 pecuniae
416 2032 513 2094 decus
528 2031 703 2104 ademeris3
719 2051 832 2113 magna
845 2030 896 2112 illa
907 2031 955 2091 vis
969 2033 1103 2094 avaritiae
1116 2027 1205 2096 facile
1218 2035 1310 2098 bonis

126 2119 267 2184 moribus
281 2119 432 2180 vincetur.
478 2116 587 2197 Atque
602 2117 666 2178 baec
686 2117 728 2177 ita
742 2137 810 2178 sese
827 2115 950 2188 habere,
964 2119 1088 2178 timctsi
1103 2140 1211 2182 omnes
1226 2121 1309 2202 aeqtri

128 2221 223 2287 atque
245 2203 344 2284 iniqui
367 2217 560 2274 memorent;
582 2217 687 2265 tamm
708 2201 765 2264 tibi
788 2221 859 2263 cum
879 2200 1012 2264 factione
1034 2203 1203 2266 nobilitatis
1224 2206 1309 2269 haud

127 2288 330 2353 mediocriter
344 2287 524 2350 certandum
540 2300 606 2361 est;
630 2289 720 2371 cujus
735 2288 762 2348 si
778 2287 885 2348 dolum
906 2289 1036 2363 caveris,
1050 2289 1109 2351 alia
1126 2291 1231 2353 omnia
1253 2292 1310 2353 ²in

127 2374 258 2458 proclivi
273 2389 373 2435 erunt.
397 2371 484 2434 Nam
499 2373 544 2449 hi,
555 2373 583 2436 si
598 2372 712 2434 virtute
727 2367 804 2434 satis
818 2372 967 2456 valerent,
980 2370 1082 2456 magis
1098 2376 1200 2437 emuli
1212 2377 1308 2438 bono-

127 2479 210 2534 rum,
225 2456 319 2541 quim
340 2458 451 2533 invidi,
470 2473 584 2520 essent.
628 2456 713 2530 Quia
729 2456 862 2532 desidia,
876 2472 910 2518 et
928 2455 1054 2533 inertia,
1064 2475 1096 2522 et
1117 2476 1227 2543 stupor
1244 2484 1310 2538 eos,

129 2561 226 2625 atque
243 2545 389 2626 torpedo,
403 2542 535 2614 invasit;
557 2550 710 2623 strepunt,
723 2543 906 2616 obtrectant,
924 2543 1055 2605 alienam
1076 2544 1192 2607 famam
1214 2569 1309 2612 suum

129 2631 268 2698 dedecus
280 2629 469 2692 existimant.
514 2627 588 2706 Sed,
603 2628 693 2710 quid,
705 2647 766 2710 ego
779 2627 880 2710 plura,
893 2628 982 2710 quasi
999 2633 1038 2692 de
1052 2629 1176 2714 ignotis,
1191 2647 1310 2695 memo.
1333 2711 1335 2716 Ι

523 2828 524 2834 1
569 2800 867 2852 mrssrssrarto.
895 2809 899 2817 ·
978 2775 980 2780 ’

382 2913 394 2948 ¹
410 2910 503 2972 Nemo
519 2912 648 2974 omnium
663 2922 709 2972 est
723 2910 820 2971 malus
829 2921 890 2994 prs
905 2911 1013 2986 nialla.

384 2997 396 3034 ⁸
412 2993 483 3071 Alia
494 2997 594 3058 omnia
605 2993 821 3080 eruntsacilia.

663 3126 778 3207 sors,

160 3253 179 3288 a
191 3237 242 3287 Sed
251 3232 303 3298 de]
315 3235 346 3286 ld
355 3241 404 3295 est,
409 3238 513 3298 populus
522 3246 651 3299 romescot
659 3240 711 3299 qru’-
732 3233 889 3296 Gronovius,
900 3234 923 3284 si
935 3244 1090 3300 sequeretur
1104 3229 1199 3298 cecidit,
1212 3255 1262 3291 non
1276 3253 1313 3293 ta·

131 3321 187 3355 auru
199 3305 401 3367 adjudicandum
411 3303 603 3366 idoneifueriut.
733 3305 762 3348 lit
769 3323 779 3356 ‚·
803 3302 890 3365 itaque
910 3302 948 3350 illi
968 3300 1055 3366 potiris
1075 3306 1314 3374 placentiamque

166 3371 182 3418 b
198 3367 311 3430 Classis]
322 3369 419 3419 Classis
431 3375 544 3430 pareest
556 3368 663 3421 civium,
677 3382 712 3428 ex
726 3367 785 3430 sors
805 3371 879 3423 tulit,·
900 3369 967 3418 nihil
986 3379 1073 3422 tamen
1096 3388 1204 3424 necesse
1229 3375 1312 3427 habeo

130 3451 213 3488 censu
225 3437 251 3484 in
261 3436 381 3486 ordinem
394 3434 486 3483 relata.
502 3435 531 3482 In
543 3434 660 3498 quinque
671 3449 713 3484 ve·
735 3441 844 3483 mutare.
1276 3465 1279 3470 -

130 3500 161 3552 rd
175 3503 273 3558 classes
285 3515 346 3551 cum
365 3501 450 3566 capite
468 3515 607 3550 censorum
623 3506 713 3549 centu·
768 3498 945 3564 gceaturt'ae]
960 3504 1020 3550 Non
1031 3502 1109 3554 rnodd
1122 3505 1147 3554 in
1160 3505 1257 3556 classes
1269 3521 1315 3570 po-

131 3570 170 3628 ris
189 3569 336 3628 universum
354 3566 481 3632 populum
499 3569 642 3629 Romanum
655 3569 712 3616 Ser·
734 3567 824 3630 pulum
839 3569 981 3628 Romanum
994 3569 1099 3618 Servius
1111 3571 1212 3632 divisit,
1224 3573 1273 3622 sed
1285 3583 1316 3628 et

130 3635 189 3683 vius
202 3635 308 3684 Tullius
323 3634 476 3692 distribuit,
494 3648 604 3698 quarum
623 3633 712 3684 classi·
734 3633 833 3684 classes
847 3633 873 3681 in
886 3634 1028 3683 centurias.
1062 3639 1099 3686 Ut
1109 3635 1173 3688 verd
1185 3637 1315 3693 divitibus

131 3715 176 3751 um
195 3701 288 3764 prima,
301 3708 331 3749 ut
347 3700 555 3765 opulentissima,
568 3701 605 3750 ita
623 3706 652 3749 et
668 3715 711 3764 po·
735 3700 874 3749 maximam
907 3696 1006 3749 faceret
1034 3710 1201 3765 potestatem,
1224 3707 1315 3770 prime

132 3767 291 3828 lentissima,
301 3774 366 3816 erat.
513 3789 517 3796 v
643 3767 645 3771 ’
715 3767 814 3831 classi
827 3765 904 3815 dedit
915 3769 1122 3832 praerogativam,
1132 3769 1253 3836 utprima
1263 3774 1316 3822 suf-

165 3833 329 3895 cJudt'cure]
351 3833 383 3883 ld
402 3839 454 3894 est,
473 3835 573 3896 Dignos
596 3841 713 3897 reputare
733 3831 956 3897 fragium'serret:
974 3847 1009 3882 ex
1021 3840 1073 3900 quo
1091 3839 1245 3902 plerumque
1257 3855 1316 3890 eve.

135 3902 361 3962 qmdusjdtlicondi
372 3915 458 3948 munos
472 3900 620 3964 conflaretur.
735 3900 830 3957 siebat,
847 3896 908 3948 crim
930 3915 963 3948 ea
983 3901 1095 3966 reliquis
1112 3905 1232 3954 omnibus
1251 3920 1315 3967 prae·

168 3966 324 4028 dNumero]
344 3965 376 4016 ld
397 3973 448 4026 est,
466 3966 554 4029 plures
573 3979 608 4028 est
628 3964 713 4027 prims
734 3965 846 4028 polleret
855 3974 885 4015 ut
893 3964 953 4014 rard
966 3965 997 4015 ab
1011 3967 1068 4018 aliis
1080 3971 1210 4023 elassibus
1223 3968 1317 4021 suffra·

134 4029 221 4080 classe
229 4031 435 4092 constituendos,
446 4032 492 4098 qui
503 4047 532 4082 re
549 4032 605 4098 ipsa
616 4031 713 4096 populo
734 4032 807 4096 giam
828 4039 974 4096 peteretur.
1019 4037 1165 4097 Gracchus,
1187 4041 1220 4084 ut
1243 4038 1313 4101 plebi

130 4097 179 4168 jus
192 4096 319 4167 dicerent.
736 4097 848 4162 primunr
862 4108 891 4148 et
902 4101 1037 4164 antiquum
1049 4117 1126 4152 suurn
1137 4117 1182 4167 Jus
1196 4103 1319 4155 restitue·

169 4179 185 4212 e
198 4163 326 4228 Rhodios]
339 4164 450 4224 Rhodus
466 4163 559 4213 nobilis
572 4169 613 4213 est
631 4163 714 4213 insula
735 4174 785 4224 ret,
798 4165 902 4214 volebat
915 4173 945 4214 ut
958 4175 1029 4218 sorte
1041 4169 1165 4218 centuriae
1178 4167 1212 4216 acl
1224 4166 1317 4220 suffra-

136 4229 216 4280 maris
238 4231 435 4294 Mediterranei,
460 4232 527 4282 inter
549 4231 664 4298 Cyprum
688 4239 715 4280 et
736 4232 780 4296 gia
791 4239 956 4282 vocarentur,
990 4232 1088 4284 verbm
1100 4235 1133 4283 de
1144 4235 1183 4284 his
1193 4236 1315 4288 omnibus

135 4298 251 4346 Cretam.
281 4345 283 4352 χ
498 4335 499 4338 ,
569 4333 570 4336 ,
736 4297 841 4347 omnino
863 4297 936 4348 adire
952 4315 1023 4364 ¹opus
1040 4307 1081 4351 est
1097 4317 1152 4364 eos,
1168 4301 1215 4368 qui
1230 4317 1263 4355 ea
1281 4319 1317 4364 ex

171 4362 185 4414 l'
195 4365 239 4415 Ua
250 4363 354 4429 cuipam]
369 4365 463 4435 &cipite
471 4358 578 4425 facillis
588 4363 729 4422 tolerarem
737 4361 855 4430 professo
868 4373 1056 4426 tractaverunt.
1151 4359 1154 4368 ’
