3070 5034
153 295 195 374 ⁵..0
352 277 356 283 ’
617 275 869 344 sanuusru

151 453 338 529 festinando,
354 449 500 536 agitando
522 449 639 524 omnia,
654 449 724 532 plus
738 447 875 523 timoris,
891 444 985 528 quim
1008 445 1137 529 periculi
1158 443 1332 510 effecerant.

153 541 207 604 Ex
221 563 259 602 eo
273 559 405 602 numero
420 537 595 620 complures
612 535 654 610 Q.
669 536 820 596 Metellus
838 534 931 595 Celer
945 547 1114 616 praetor,ex
1130 533 1185 594 ²S.·
1196 533 1233 596 C.
1243 537 1337 596 causa

152 629 287 709 cogniti,
300 626 331 686 in
348 623 470 684 vincula
487 623 673 704 conjicerat;
697 621 773 682 item
788 621 818 680 in
832 619 975 680 citeriore
992 619 1093 680 Gallie
1109 618 1148 680 C.
1176 619 1338 693 Muraena,
1364 629 1368 639 '

153 712 208 794 qni
220 712 249 773 ei
265 708 432 794 provinciae
446 709 566 790 legatus
582 720 721 787 praeernt.
762 703 809 766 At
825 703 934 766 Romae
947 705 1099 766 Lentulus
1115 723 1186 766 eum
1203 705 1339 778 caeteris,

151 798 207 879 qui
220 795 376 878 principes
389 792 611 876 conjurationis
626 805 723 865 erant,
736 791 862 872 paratis,
874 789 920 850 uti
937 785 1131 865 videbantur,
1143 790 1267 872 magnis
1281 809 1341 850 eo·
1364 791 1369 799 '

150 883 225 966 piis,
234 881 467 951 constituerant,
476 877 522 940 uti
539 897 610 938 eum
624 876 800 938 Catilinain
816 893 927 956 agrum
945 874 1141 940 Faesulanum
1156 895 1228 936 cum
1243 895 1340 937 exer-

151 969 216 1030 citu
225 964 373 1037 venisset,
384 964 425 1024 L.
440 963 546 1024 Bestia
560 961 702 1023 tribunus
718 960 828 1044 plebis,
843 959 1008 1022 conatione
1024 960 1138 1036 habits,
1149 973 1338 1042 quereretur

151 1054 192 1116 tle
207 1049 403 1111 bactionibus
414 1047 586 1123 Ciceronis,
597 1047 732 1128 bellique
743 1045 922 1126 gravissimi
937 1055 949 1082 ⁰
962 1045 1113 1106 invidiam
1126 1047 1242 1128 optimo
1258 1066 1338 1106 con-

152 1135 213 1198 suli
225 1136 416 1216 imponeret:
427 1155 465 1195 eo
477 1134 577 1215 signo,
587 1132 730 1214 proximi
742 1145 831 1192 nocte
842 1147 951 1192 caetera
963 1130 1132 1192 multitudo
1146 1131 1338 1215 conjuratio·

151 1221 201 1282 nis
217 1238 309 1282 suum
322 1219 454 1302 quisque
467 1218 628 1300 negotium
645 1231 880 1300 exsequeretur.
904 1215 966 1278 Sed
979 1237 1015 1277 ea
1028 1212 1153 1278 ddirisa
1168 1217 1226 1278 hoe
1239 1216 1339 1278 modo

152 1305 354 1368 dicebantur:
371 1303 522 1379 Statilius,
538 1302 565 1364 bt
583 1302 736 1365 Gabinius
751 1302 811 1377 uti,
825 1323 897 1364 cum
915 1303 1026 1382 magni
1042 1321 1146 1374 mann,
1162 1301 1336 1364 duodecim

151 1390 245 1453 simul
260 1405 435 1473 opportuna
445 1390 514 1450 loca
527 1389 613 1449 urbis
625 1387 846 1460 incenderent;
863 1386 960 1468 ¹qud,
972 1387 1118 1462 tumultu,
1133 1385 1255 1450 facilior
1266 1388 1335 1450 adi·

151 1487 203 1537 tus
230 1477 269 1536 ad
297 1475 468 1544 consulem,
494 1490 695 1554 caeterosque,
719 1473 834 1552 quibus
861 1472 982 1534 insidiae
1009 1474 1201 1554 parabantur,
1222 1473 1338 1536 lieret:

152 1560 319 1641 Cethegus·
337 1559 501 1620 Ciceronis
519 1557 649 1644 januam
673 1557 843 1633 obsideret,
867 1577 1004 1639 eumque
1027 1558 1058 1618 vi
1089 1559 1334 1640 aggrederetur;

152 1645 231 1706 alius
247 1659 353 1705 autem
365 1643 481 1703 alium:
499 1643 554 1704 sed
572 1641 627 1702 filii
639 1640 842 1718 familiarum,
858 1664 994 1724 quorum
1008 1663 1047 1705 ex
1060 1643 1216 1708 nobilitate
1233 1643 1335 1705 maxi-

151 1749 205 1790 ma
224 1749 295 1808 pars
319 1739 395 1802 erat,
411 1742 553 1809 parentes
574 1727 801 1790 interficerent:
823 1729 930 1805 simul,
946 1731 1040 1803 caede,
1055 1727 1083 1790 St
1098 1729 1242 1792 incendio
1262 1749 1332 1810 per·

152 1814 247 1874 culsis
262 1812 418 1889 omnibus,
434 1814 474 1874 ad
490 1812 658 1875 Catilinam
673 1829 882 1897 erumperent.
931 1818 1017 1878 lnter
1031 1817 1095 1878 haec
1109 1829 1226 1898 parata,
1241 1831 1334 1896 atque

152 1897 289 1972 decreta,
311 1897 470 1980 Cethegus
492 1921 616 1981 semper
638 1903 828 1980 querebatur
850 1902 890 1962 de
914 1901 1039 1984 ignavia
1065 1901 1241 1963 sociorum:
1268 1901 1339 1962 illos

153 1982 337 2059 dubitando,
351 1981 379 2043 St
394 1984 463 2046 dies
478 1994 491 2021 ⁶
502 1986 693 2066 prolatando,
709 2007 839 2068 magnas
854 1987 1100 2068 opportunitates
1115 2005 1336 2068 corrumpere:

152 2065 247 2144 facto,
262 2089 323 2128 non
339 2069 490 2142 consulto,
506 2071 538 2130 in
557 2069 611 2131 tali
627 2072 766 2150 periculo
781 2093 860 2152 opus
875 2079 957 2150 e'sse,
973 2093 1079 2153 seque,
1095 2073 1122 2134 si
1138 2073 1228 2155 pauci
1245 2071 1335 2155 adju·

152 2167 272 2228 varent,
291 2153 508 2232 languentibus
533 2154 612 2229 aliis,
630 2156 783 2237 impetum
807 2159 979 2220 incuriam
1002 2157 1169 2220 facturum·
1215 2157 1337 2218 Nature

153 2235 255 2311 ferox,
271 2237 450 2314 vehemens,
466 2259 559 2300 manu
575 2256 736 2322 promptus
760 2237 861 2306 serat:
886 2246 1060 2306 maximum
1076 2243 1191 2306 bonum
1210 2244 1242 2304 in
1257 2243 1338 2304 cele·

154 2320 245 2379 ritate
266 2324 403 2401 putabat.
448 2322 537 2386 ⁸Sed
560 2325 760 2408 Allobroges,
774 2329 815 2388 eit
830 2346 985 2411 praecepto
999 2329 1161 2392 Ciceronis
1175 2326 1254 2412 hper
1273 2328 1336 2390 Ga-

153 2403 287 2478 binium,
312 2421 439 2468 caeteros
464 2410 668 2473 conveniunt:
692 2414 731 2473 ab
759 2415 906 2490 Lentulo,
931 2415 1086 2498 Cethego,
1106 2415 1238 2492 Statilio,
1260 2413 1336 2478 item

156 2487 266 2549 Cassio
281 2493 436 2572 postulant
453 2493 687 2578 jusjurandum,
703 2501 789 2578 quod
805 2497 981 2581 isignatum
997 2503 1038 2562 ad
1053 2496 1136 2562 eires
1152 2499 1335 2584 preferant:

154 2572 244 2634 aliter
266 2575 351 2638 baud
366 2575 457 2640 facile
478 2587 532 2640 eo's
549 2582 589 2642 ad
611 2596 730 2641 tanturn
751 2585 914 2665 negotium
935 2586 1054 2669 impelli
1074 2605 1177 2669 posse.
1223 2584 1337 2664 Caeteri

154 2655 231 2717 nihil
253 2662 444 2741 suspicantes
466 2662 589 2725 kdant:
613 2665 741 2728 Cassius
764 2685 863 2732 semet
888 2668 947 2733 1εὸ
970 2671 1059 2734 brevi
1075 2688 1248 2748 ,venturum
1271 2671 1341 2752 pol·

155 2739 279 2811 licetur,
291 2763 327 2804 ac
342 2745 437 2826 paulb
454 2763 523 2810 ante
544 2750 663 2831 legatos
684 2772 725 2813 ex
739 2755 815 2815 urbe
831 2755 1049 2838 proficiscitur.
1093 2757 1248 2820 Lentulus
1262 2776 1339 2818 cum

595 2923 895 2977 INTERPRETATIO.

199 3065 209 3098 ¹
228 3063 271 3160 th
279 3077 337 3163 per
349 3070 506 3131 tumultum
519 3073 621 3136 aditus
637 3087 713 3138 esset
715 3076 847 3162 facilior
861 3081 905 3143 ad
916 3083 1065 3145 consulem
1075 3081 1112 3146 Β
1127 3083 1258 3166 reliquos
1272 3083 1339 3166 qui·-

158 3145 211 3242 dur
225 3151 345 3210 znsrdroe
354 3155 559 3233 parabantur.

695 3265 809 3314 NOTAE.

167 3463 174 3476 .
187 3403 238 3451 aS.
248 3399 289 3466 0,]
298 3405 403 3454 Senatus
418 3410 529 3459 Consulto
535 3435 546 3468 ,·
558 3411 593 3462 ita
602 3413 671 3464 enim
681 3431 732 3466 ma·
794 3434 809 3469 e
820 3421 999 3487 Protaramro]
1022 3441 1053 3476 en
1064 3427 1139 3473 tirone
1152 3423 1183 3472 de
1192 3425 1296 3486 numa.-
1310 3437 1341 3470 θη

155 3464 200 3515 lim
212 3469 407 3537 legere‚qudm,
416 3483 446 3524 ut
457 3475 551 3526 babent
561 3480 615 3540 alii,
623 3487 732 3534 extorris
762 3487 887 3550 Μένιππε.

154 3535 227 3608 quod
237 3540 405 3611 invectumex
413 3545 609 3609 compendiaria
619 3551 732 3600 scriben·
793 3553 807 3602 f
815 3555 901 3617 Erae]
921 3556 1030 3606 Mallem
1043 3557 1093 3608 hoe
1104 3555 1213 3607 verbum
1226 3555 1339 3606 abesset.

155 3597 183 3675 di
202 3609 311 3676 ratione.
342 3607 367 3655 Si
382 3618 467 3662 tamen
481 3615 593 3664 retineas
606 3633 640 3664 ee
652 3622 731 3675 sodis,
793 3635 812 3684 g
826 3621 892 3683 Sed]
905 3623 1040 3673 'l'ransitio
1048 3632 1097 3674 est.

153 3667 275 3745 ¹¹¹lell¹85
288 3674 414 3735 q⁰0⁸d³m
427 3693 461 3727 ex
480 3677 531 3728 illis
550 3681 730 3744 nebulombus‚
793 3688 810 3735 h
823 3690 877 3737 Per
892 3691 1045 3752 Gabinium]
1056 3695 1168 3756 legatos
1180 3688 1226 3739 ille
1236 3688 1270 3737 ad
1280 3703 1339 3738 con-

152 3729 319 3813 festtnatrone
330 3742 733 3814 suadeprehensos,conjuratio·
755 3749 860 3816 juratos
872 3756 1063 3806 introducebat.

152 3813 212 3851 nem
223 3801 244 3850 St
257 3818 343 3884 flqfflqs
354 3810 503 3860 manifestos
517 3811 618 3864 fecisse.
793 3838 801 3868 ι
815 3823 963 3885 seemivir]
985 3827 1094 3890 Signum
1109 3839 1156 3872 seu
1169 3822 1283 3886 sigillum
1294 3835 1340 3885 ap·

186 3869 389 3951 Metiosedum]
419 3879 461 3925 De
484 3884 588 3941 querelis
609 3887 730 3933 silverius
759 3900 910 3949 posueruut.
947 3893 1093 3954 Signotiim·
1109 3892 1220 3939 Caedere.

152 3943 330 4004 conjuratores
344 3943 436 3992 Senatu
449 3945 545 3998 horim.
572 3949 639 4000 Gall·
675 3954 729 4002 Dea
790 3953 1339 4024 kDorta]lusjurandum,scilicet,signo

146 4007 304 4070 Pllfflll‘fel·
758 4021 949 4072 confirmatum.

184 4069 357 4150 elrrvidiiim]
379 4078 466 4154 ltanut
483 4079 537 4139 ille,
554 4084 725 4149 querimoniis
789 4090 870 4152 lua]
892 4093 937 4141 Aa
947 4092 1097 4156 Allobroges.
1132 4092 1234 4142 Cautus
1245 4089 1298 4142 hae
1311 4087 1339 4138 iu

150 4154 216 4198 suis,
228 4141 289 4191 belli
303 4149 397 4191 auctor
408 4143 548 4197 videretur.
755 4164 831 4220 parte
843 4157 903 4209 fuit.

181 4205 199 4254 d
210 4209 325 4276 Divino]
341 4210 370 4260 ld
380 4219 431 4266 est.
446 4214 617 4282 {sitiamusque
627 4221 672 4270 ridi
681 4223 724 4270 froc

147 4283 192 4328 unt
204 4278 266 4328 illud
276 4283 442 4342 eripiendum
456 4291 589 4348 recipe-at.
736 4310 742 4344 t
