3034 5060
172 361 233 420 trs
485 365 490 372 ·
640 337 891 420 SALLUsTn

167 524 311 591 nobilitas
325 542 367 589 ex
380 520 519 588 lubidine
535 521 590 586 sui
605 524 693 600 ¹usa‚
704 521 850 586 mortales
862 518 978 584 multos
987 518 1071 584 ferro
1085 534 1138 585 aut
1147 519 1223 604 fuga
1239 522 1361 588 exstin-

167 612 235 686 xit5
253 610 383 693 plusque
396 608 427 670 in
442 607 598 689 reliquum
610 609 669 674 sibi
682 608 815 684 timoris,
827 604 921 690 quim
936 608 1111 690 aporema,
1123 607 1270 683 addiditr
1286 631 1360 691 quae

166 717 218 760 res
233 699 416 808 ultrumque
433 713 561 774 magnas
572 695 714 758 civitates
724 714 849 776 pessum
862 693 962 770 dedit,
970 693 1046 756 dum
1061 695 1148 756 alteri
1162 695 1276 758 alteros
1285 697 1358 762 vin·

167 804 238 852 cere
255 782 368 864 quovis
382 781 488 850 modo,
498 795 529 842 et
544 781 643 842 victos
659 777 802 846 acerbius
818 779 925 842 ulcisci
942 779 1060 842 volunt.
1104 779 1168 846 Sed
1184 781 1225 842 de
1242 782 1362 858 studiis

167 869 315 944 partium,
327 882 358 928 et
369 869 513 941 omnibus
529 865 664 930 civitatis
680 867 830 942 moribus,
846 865 872 927 si
889 864 1080 950 singillatim,
1090 880 1145 928 aut
1160 887 1219 948 pro
1233 868 1358 952 magni·

168 954 278 1018 tudine
298 955 427 1036 iparem
444 952 609 1028 disserere,
623 967 746 1034 tempus
763 948 858 1033 quim
871 973 922 1013 res
939 949 1094 1017 maturiris
1109 951 1253 1026 desorat3
1281 975 1361 1034 qua·

166 1040 309 1102 mobrem
325 1040 365 1102 ad
382 1039 538 1119 inceptum
556 1038 662 1100 redeo.
708 1037 785 1098 Post
799 1037 877 1098 Auli
893 1036 1004 1116 foedus,
1020 1039 1238 1120 exercitusque
1247 1039 1355 1102 nostri

167 1125 276 1206 fugam
293 1123 416 1198 faedam,
430 1121 443 1160 ¹³
455 1123 618 1199 Metellus,
634 1139 665 1184 et
683 1123 828 1184 eSilanus
841 1122 982 1186 consules
998 1121 1165 1204 designati,
1179 1127 1358 1206 provincias

167 1208 249 1273 inter
270 1231 304 1272 so
323 1210 512 1294 partirerant
524 1231 532 1269 ε
544 1225 546 1238 “
559 1210 754 1288 Metelloque
779 1207 935 1270 Numidia
957 1222 1123 1282 evenerat3
1146 1211 1211 1272 acri
1227 1211 1308 1285 viro,
1322 1226 1358 1274 et

167 1315 345 1378 quanquam
362 1296 494 1356 adverso
505 1295 610 1378 populi
626 1295 776 1376 partibus,
791 1291 875 1354 fami
888 1308 993 1355 tamen
1014 1291 1195 1374 daequabili,
1208 1312 1239 1358 et
1253 1298 1356 1361 invio·

166 1383 237 1445 lati.
283 1383 316 1444 Is
334 1379 387 1447 ubi
403 1379 543 1463 primum
561 1383 778 1462 magistratum
800 1381 982 1462 eingressus
996 1393 1055 1456 est,
1076 1378 1157 1458 falia
1172 1381 1278 1456 omnia
1296 1383 1358 1446 sibi

166 1489 240 1530 curn
254 1469 371 1547 collegi
385 1482 481 1543 ratus,
497 1469 537 1528 ad
554 1468 681 1542 bellum,
695 1467 781 1547 quod
798 1450 941 1544 godturus
959 1481 1036 1540 erat5
1051 1465 1191 1534 animum
1207 1469 1357 1532 intendit.

167 1554 273 1636 Igitur
287 1553 430 1614 diffidens
446 1552 544 1614 veteri
567 1552 730 1627 exercitui,
747 1550 860 1612 milites
882 1551 1028 1628 scribere,
1043 1552 1189 1634 praesidia
1211 1556 1357 1638 undique

167 1659 345 1702 arcessere:
370 1657 467 1713 arma,
482 1637 554 1710 tela,
569 1657 678 1717 equos,
694 1651 725 1697 et
740 1653 851 1697 caetera
867 1637 1072 1698 instrumenta
1086 1637 1203 1701 rnilitiae
1220 1659 1329 1722 parare
1348 1663 1357 1705 :

167 1725 282 1788 adhoc
298 1738 507 1790 commeatum
528 1721 655 1798 affatim,
675 1722 811 1802 denique
827 1722 942 1796 omnia,¹
958 1743 1027 1802 quae
1043 1721 1074 1784 iu
1090 1723 1168 1784 bello
1182 1725 1306 1803 gvarie,
1322 1741 1357 1792 et

165 1831 272 1874 return
286 1809 455 1870 multarum
471 1809 586 1888 egenti,
601 1809 673 1870 usui
684 1827 752 1869 esse
764 1808 873 1868 solent.
920 1806 1080 1876 Caetenim
1096 1809 1136 1870 ad
1152 1829 1189 1872 aa
1203 1813 1358 1893 petranda

166 1899 313 1959 inenatus
333 1895 526 1968 auctoritate,
540 1892 628 1970 socii,
642 1907 819 1974 nomenque
838 1891 1001 1972 Latinum,
1017 1909 1048 1956 et
1066 1915 1159 1972 reges
1177 1894 1262 1960 ultrei
1279 1919 1357 1962 aux·

165 1983 220 2046 ilia
242 1981 407 2056 mittendo,
430 1978 591 2062 postremi>
613 1979 716 2042 omnis
738 1979 848 2041 civitas
871 1999 996 2042 summo
1018 1980 1124 2040 studio
1147 1981 1359 2046 adnitebatur.

167 2070 291 2151 Itaque,
312 2071 374 2128 ‘ex
389 2065 541 2130 senteutii
556 2065 701 2128 omnibus
717 2064 810 2126 robus
826 2064 940 2148 paratis
956 2065 1213 2148 compositisque,
1228 2067 1259 2130 in
1282 2067 1318 2130 N
1320 2092 1358 2134 u·

165 2157 299 2220 midiam
318 2151 535 2234 proficiscitur,
551 2151 662 2231 magnai
684 2171 738 2232 spe
754 2149 871 2214 civium
885 2175 893 2224 ;
917 2149 991 2212 crim
1008 2168 1134 2234 propter
1150 2167 1233 2225 artas
1248 2155 1358 2232 bonas,

166 2255 234 2305 tum
249 2234 388 2312 maxime
406 2233 494 2320 qudd
509 2237 677 2297 adversum
694 2235 821 2298 divitias
838 2237 989 2298 invictum
1006 2237 1146 2300 animum
1163 2241 1309 2319 gerebatt
1325 2259 1360 2304 et

165 2327 295 2390 avaritia
311 2322 550 2406 magistratuum
565 2335 635 2390 ante
652 2321 686 2384 id
702 2335 825 2406 tempus
841 2323 873 2384 in
891 2321 1046 2384 Numidia
1066 2339 1178 2387 nostrae
1195 2346 1270 2408 opes
1284 2345 1359 2392 eoo·

542 2477 547 2488 '
607 2475 908 2525 lNTERPRETATlO.

206 2597 218 2638 ²
237 2594 313 2666 Crine
328 2596 431 2680 igitur
443 2593 586 2662 nobilitas
601 2611 658 2652 erse
673 2603 766 2653 esset¹
815 2593 828 2638 ³
856 2591 1007 2654 Coeterrim
1033 2593 1077 2652 ad
1099 2614 1134 2655 aa
1154 2592 1360 2678 perficienda,

164 2687 200 2746 ed
217 2682 349 2744 victorici
365 2681 526 2743 seeundum
542 2699 629 2738 suam
649 2677 749 2738 libidi-
771 2680 899 2742 senatis
938 2679 1133 2741 adnitebatur
1164 2683 1360 2758 auctoritare,

163 2789 241 2842 nem,
252 2768 391 2849 perdidit
405 2765 513 2830 multos
528 2763 665 2826 domines
675 2761 748 2848 ser·
771 2765 857 2839 socii,
870 2785 1035 2848 nomenque
1046 2765 1202 2839 Latinum,
1215 2778 1244 2828 et
1256 2790 1359 2851 reges,

164 2875 200 2918 ro
215 2851 376 2934 uutsugci.
771 2851 914 2930 mittendo
930 2853 987 2912 sicd
1006 2862 1112 2932 sponte
1126 2853 1266 2913 auxilia:
1283 2868 1358 2936 pos·

206 2939 219 2974 ²
234 2938 269 2998 Si
285 2937 403 3022 cupiam
417 2937 568 2999 disserere
576 2939 746 3020 particula·
771 2933 863 2999 tremi
888 2928 1112 3002 omnis'civitas
1127 2957 1240 3001 summo
1255 2941 1360 3006 studio

164 3026 230 3102 tim,
245 3037 299 3086 out
317 3023 479 3092 secundum
496 3017 543 3094 [rei
559 3023 747 3104 magnitudi-
770 3043 807 3083 ea
823 3023 1036 3102 promovebat.

162 3132 241 3180 nene,
253 3111 412 3171 destudiis
421 3109 562 3191 portium
572 3120 602 3172 et
613 3111 748 3172 omnibus
811 3109 825 3146 ⁴
841 3109 949 3192 Itaque
963 3107 1098 3170 omnibus
1111 3108 1199 3170 rebus
1219 3111 1263 3172 ad
1273 3113 1360 3176 arbi-

162 3196 267 3278 pravis
294 3195 428 3257 moribus
454 3194 600 3266 cinitone,
632 3199 747 3278 tempus
771 3194 864 3271 trium
874 3195 999 3274 paratis
1015 3205 1043 3255 et
1058 3197 1276 3278 compositisie
1287 3198 1358 3268 Nu·

162 3303 210 3351 rue
224 3280 319 3347 citius·
335 3277 428 3366 qutim
444 3301 493 3346 res
508 3278 639 3368 deficiet.
770 3280 892 3340 midiam
903 3278 1129 3369 prffciccirar.

701 3411 817 3464 ttoTAE.

195 3537 211 3572 a
231 3519 371 3582 florentie]
389 3521 486 3571 Totum
505 3517 575 3567 hunc
595 3519 683 3570 locum
703 3535 746 3584 ex·
800 3533 815 3568 e
829 3517 985 3583 Ingressus]
998 3521 1057 3569 Non
1067 3518 1137 3570 enirn
1148 3521 1236 3578 statim
1247 3519 1264 3572 d
1276 3524 1359 3578 nomi·

161 3595 223 3638 oute
244 3603 340 3652 quaeso.
375 3590 477 3636 Auctor
496 3587 577 3647 enim,
597 3602 746 3652 qumquam
768 3585 874 3636 natione
885 3594 913 3636 et
923 3587 1118 3651 designatione,
1130 3589 1178 3638 sed
1190 3598 1252 3652 pust
1264 3591 1359 3640 constr·

157 3655 246 3709 malus
257 3654 318 3716 fuit,
331 3652 559 3708 reconditissimus
576 3662 664 3705 tamen
681 3654 748 3720 poli·
771 3653 912 3702 mationem
931 3653 958 3702 in
977 3655 1101 3710 secundis
1118 3655 1244 3717 comitiis,
1260 3659 1361 3727 magite

161 3721 276 3770 tieorum
290 3721 389 3770 aeditus
397 3719 555 3786 penetravit.
769 3726 868 3769 tratum
882 3719 991 3770 inibant.

167 3813 171 3822 ·
196 3785 368 3853 Metellus]
391 3789 439 3838 Vir
451 3787 504 3840 luit
516 3785 623 3847 virtutis
636 3785 748 3846 eximiae,
802 3784 907 3848 idda]
926 3786 977 3838 Hic
993 3792 1034 3837 est
1050 3802 1159 3844 sensus:
1177 3787 1244 3839 dicit
1256 3790 1364 3848 Metel-.

160 3855 262 3919 quique
283 3867 350 3902 unus
370 3855 480 3906 exitium
504 3853 607 3912 maluit,
622 3851 702 3918 quim
720 3849 746 3904 in
768 3849 903 3908 lumniam
915 3854 1045 3919 collegam
1056 3855 1361 3921 suumadreliquacon·

87 3963 92 3976 ,
161 3920 276 3983 Saturni,
301 3921 465 3970 Gracchanas
494 3921 570 3984 leges
595 3921 747 3980 asserentis,
769 3920 1076 3979 solatiismuuiaseoum
1093 3923 1194 3986 pariter
1207 3924 1358 3988 obligatum

160 3989 249 4044 rerba.
266 4001 325 4035 cum
343 3993 437 4054 senatu
452 3986 552 4050 jurare.
586 3987 681 4045 Dictus
696 3997 747 4047 est,
768 3996 796 4037 et
805 3987 935 4038 intentum
944 3987 1057 4049 videret,
1065 3987 1098 4039 ad
1107 3989 1134 4046 id
1145 3991 1293 4054 negotium,
1302 3991 1360 4048 bel·

161 4054 328 4113 Numidicus,
347 4049 365 4104 ὲ
385 4053 465 4105 rebus
487 4055 552 4108 bene
573 4052 601 4104 in
619 4051 746 4111 Numidia
768 4055 822 4105 lum
841 4051 955 4114 scilicet,
967 4052 1100 4120 praecipue*
1115 4057 1229 4108 animum
1243 4057 1360 4124 adjecis-

160 4122 256 4190 gestis·
768 4137 807 4182 se,
818 4119 890 4186 quod
903 4123 953 4178 soli
966 4124 1111 4173 curandum
1122 4133 1188 4174 erat.

193 4205 209 4238 o
224 4183 347 4249 Silentia]
367 4188 426 4238 Non
439 4184 534 4252 hicest
545 4186 579 4238 de
592 4201 645 4252 quo
657 4185 685 4244 in
699 4190 747 4240 Ca·
801 4185 929 4253 gisano]
951 4190 983 4242 ld
1001 4198 1051 4250 eat,
1073 4191 1123 4240 Udi
1145 4193 1222 4240 uaria
1240 4199 1301 4256 apua
1320 4202 1358 4248 ets

150 4246 257 4320 iilius.
769 4256 834 4306 obire
851 4258 1005 4314 ministrnm
1025 4272 1083 4324 quae
1101 4258 1173 4310 varia
1189 4264 1219 4323 et
1240 4258 1358 4326 plurima

193 4316 380 4438 geassqrrndili]
401 4317 432 4384 id
451 4325 501 4384 est,
516 4337 566 4390 tlte
582 4323 652 4398 qprrd
667 4337 746 4378 aranee
769 4321 941 4384 instrument
952 4324 1101 4390 requirunt.

160 4402 191 4440 ea
223 4399 318 4438 marat.
369 4394 372 4403 '
601 4401 603 4406 '
