3034 5054
212 307 280 374 202
665 243 939 364 ‘sinnusrn
980 301 984 312 ·

216 487 406 558 pugnantur,
415 485 447 536 et
456 470 594 536 vincitur
604 467 622 534 i
633 471 759 550 paucist
772 471 889 554 plebes,
897 466 1109 552 quodeunque
1122 466 1251 546 accidit,
1260 475 1318 552 p'ro
1327 466 1414 537 uicte‘

217 575 285 633 est;
302 576 333 623 et
348 562 380 622 in
396 559 465 622 dies
477 553 580 641 magis
597 555 674 620 erit:
691 558 718 620 si
735 559 866 640 quidem
882 556 1000 640 majore
1015 555 1089 618 curi
1103 555 1353 620 dominationem
1363 557 1429 632 illl..

216 646 414 722 retinuerint,
429 641 525 728 quim
541 665 598 706 vos
616 643 824 726 repetiveritis
838 643 1027 706 libertatem.

262 731 435 814 Postquam
451 751 598 811 egressus
612 729 783 811 augustias.
807 727 942 792 Mersus.
977 767 981 772 -

261 817 319 882 Au
337 817 491 901 Cyzicum
507 817 645 899 perrexit
656 815 803 878 firmatus
817 814 926 877 animi.
950 811 1003 876 Ex
1018 812 1129 876 eodem.
1223 825 1227 838 ’

262 904 313 968 Ut
328 904 480 966 sustinere
496 921 627 986 corpora
641 901 782 984 plerique
797 906 1003 982 nequeuntes,
1024 897 1137 976 ²fessi,
1150 920 1239 964 arma
1255 921 1312 966 sua
1328 902 1412 984 quis·

218 1005 281 1072 qu'e
296 1004 413 1054 stantes
428 989 653 1054 incumberent.
677 989 760 1052 Idem
774 999 804 1050 et
817 985 956 1050 Seruius.

263 1076 317 1138 Ac
336 1075 441 1140 stetim
462 1073 601 1159 fugitivi,
617 1071 723 1137 connd
742 1088 934 1156 preceptum
954 1070 1058 1151 ducis,
1071 1093 1183 1158 rapere
1205 1073 1245 1136 ad
1266 1087 1416 1155 stuprum

218 1159 369 1242 virgines,
385 1175 614 1243 matronasque·
641 1159 773 1224 Nonius.
1211 1155 1213 1171 “

264 1243 390 1321 Quibus
406 1243 577 1310 iSertorio
591 1246 730 1331 triplices
740 1244 861 1312 insidiae
871 1243 1067 1330 peridoneus
1078 1244 1174 1310 saltus
1185 1244 1292 1330 positae
1301 1255 1414 1308 erantt

217 1330 354 1418 Pprima,
368 1355 437 1416 quae
452 1331 538 1396 fonte
549 1332 710 1396 uenientes
725 1332 894 1415 exciperet.
916 1330 1055 1394 Seruius.

263 1420 380 1503 Ingens
396 1421 462 1504 ipse
478 1419 595 1482 virium
611 1432 705 1502 atque
721 1418 829 1480 animi.
853 1415 1040 1480 Arusianus.

213 1499 222 1518 ⁴
262 1505 387 1570 Locum
403 1508 524 1571 nullutn
536 1503 597 1568 nisi
613 1505 645 1568 in
657 1523 725 1588 quo
736 1503 848 1566 armati
863 1503 1059 1566 institissent.
1082 1505 1173 1571 Idem.

148 1655 155 1674 ,
264 1591 313 1654 At
329 1592 453 1675 Oppius
466 1595 634 1676 postquem
648 1611 740 1652 orans
756 1589 835 1651 nihii
849 1589 1050 1670 proficiebam
1065 1587 1175 1653 timide
1192 1603 1278 1653 ueste
1291 1601 1416 1653 tectum

219 1678 390 1766 pugionem
414 1676 564 1758 expedire
587 1670 885 1754 conscendentes,
908 1673 1087 1758 Vulcioque
1107 1676 1287 1760 impeditur.
1324 1675 1417 1738 Non.

219 1764 325 1846 Pugio
341 1774 388 1824 est
402 1761 502 1824 breuis
512 1761 651 1844 gladius.
792 1813 812 1828 .,
1026 1821 1029 1828 ,

265 1847 449 1930 Castrisque
467 1848 598 1922 collatis,
613 1845 720 1931 pugna
729 1861 835 1910 tamen
850 1844 978 1930 ingenio
991 1845 1054 1910 loci
1067 1846 1298 1932 prohibebatur.
1322 1846 1416 1908 Idem.

264 1933 330 1998 Sed
351 1933 524 2018 Pompeius
541 1930 560 1995 ti
577 1935 677 2017 primi
697 1933 917 2010 adolescentii,
931 1953 1076 1996 sermone
1093 1933 1265 2009 lautorum,
1280 1931 1416 1996 similem
1486 2003 1488 2010 ‚

219 2013 289 2084 fore
301 2041 335 2084 se
347 2021 479 2083 eredens
495 2019 681 2083 Alexandro
691 2019 772 2104 regi,
784 2017 867 2084 facta
876 2019 1080 2102 consultaque
1094 2019 1163 2105 ejus
1177 2017 1306 2102 quidem
1317 2037 1415 2082 aemu·

219 2099 362 2172 luserat.
390 2105 522 2170 Nonius.

265 2193 394 2256 Dubius
409 2191 542 2255 consilii.
565 2189 716 2254 Arusian.
951 2271 953 2278 Α
1104 2269 1107 2274 ¹

267 2277 345 2426 Polsp
359 2278 498 2342 reditum
512 2273 636 2358 eorum,
650 2277 766 2361 quibus
780 2291 906 2343 senatus
921 2277 995 2342 belli
1013 2277 1171 2365 Lepidnbi
1186 2277 1321 2364 gratiam
1333 2275 1415 2347 lece·

220 2377 279 2428 rili.
341 2385 396 2426 em.

268 2448 366 2524 Quod
384 2450 436 2513 ubi
449 2445 564 2514 frustri
575 2464 728 2514 tentatum
740 2464 799 2531 est,
808 2451 974 2516 socordius
986 2453 1032 2516 ire
1047 2452 1163 2524 milites
1175 2452 1345 2537 occepere,
1352 2471 1417 2514 non

221 2535 326 2619 faptis
340 2537 447 2614 armis,
458 2550 493 2600 ut
507 2537 539 2599 in
551 2537 718 2620 principio,
732 2552 764 2600 et
778 2538 897 2601 laxiore
910 2540 1047 2622 agmine.
1069 2538 1152 2602 Non.

268 2619 379 2705 Atque
395 2643 470 2686 eum
487 2622 585 2686 Curio
603 2622 778 2700 laudatum,
792 2645 1020 2708 accensumque
1040 2625 1244 2710 premiorum
1267 2645 1334 2710 spe,
1348 2621 1420 2706 qui·

223 2708 283 2772 bus
299 2729 372 2772 cum
388 2709 569 2792 optavisset,
582 2709 628 2771 ire
638 2708 740 2793 jubet.
757 2709 860 2772 Idem.
885 2747 892 2760 ·
1037 2771 1038 2778 ,
1266 2765 1269 2774 ,
1303 2767 1306 2772 .
1337 2767 1341 2774 .

270 2791 396 2856 Eodem
413 2810 553 2879 tempore
578 2793 733 2858 Lentulus
754 2794 872 2879 duplici
892 2795 959 2858 scie
974 2795 1080 2861 locum
1097 2796 1219 2860 editum
1236 2797 1335 2862 multo
1347 2817 1418 2858 san·

220 2879 322 2965 'guine
338 2899 468 2944 suorum
484 2880 643 2956 defensus,
651 2894 817 2964 postquam
834 2901 875 2944 ex
890 2884 1020 2945 sarcinis
1034 2879 1280 2967 dpaludamento
1294 2883 1419 2948 adstare

225 2979 259 3030 et
269 2965 397 3028 deiectae
412 2965 556 3032 cohortes
571 2965 701 3048 intelligi
720 2968 855 3050 eaepere.
878 2965 971 3032 Idem.
1419 3017 1421 3020 -

270 3049 303 3114 Si
323 3051 404 3132 nihil
417 3067 487 3116 ante
508 3055 678 3116 adventum
695 3075 788 3120 suum
805 3054 886 3115 inter
903 3057 1026 3137 plebem
1042 3069 1075 3120 et
1093 3069 1197 3138 patres
1211 3055 1418 3135 convenisset,

226 3157 331 3203 coram
349 3161 382 3200 se
398 3142 545 3204 daturum
562 3159 701 3223 operam.
725 3140 829 3202 Prisc.
843 3139 865 3200 l.
878 3140 944 3202 xiv.
1004 3161 1008 3168 ’

271 3221 351 3288 Fine
363 3224 529 3310 inguinum
543 3225 767 3308 ingrediuntur
782 3245 879 3290 mare.
903 3226 1053 3299 Arusinis.

765 3603 894 3688 nonu,

260 3967 277 4002 s
287 3948 388 4028 Petet]
404 3951 481 4009 naue
498 3967 590 4006 vocem
609 3969 644 4006 ex
661 3950 815 4020 interprete·
870 3973 886 4008 e
898 3955 995 4024 Amin]
1003 3957 1040 4010 ¹ld
1051 3961 1103 4022 est,
1115 3961 1209 4028 aptotis
1221 3969 1246 4010 et
1257 3959 1294 4010 acl
1303 3973 1371 4012 urum
1382 3973 1426 4009 ex·

227 4031 317 4073 mento
329 4019 445 4070 additam
458 4018 539 4074 luisse
556 4025 648 4074 Ilouza
662 4023 815 4082 contendit3
833 4029 933 4090 peditis.

226 4096 367 4152 totumque
382 4085 557 4152 fragmentum
576 4106 609 4140 ex
627 4093 759 4143 Frontone
779 4092 817 4142 itu
870 4092 1112 4158 dPaludamenta]
1130 4095 1353 4146 Paludsmentum
1370 4108 1427 4144 ves·

226 4156 380 4212 constituit;
404 4153 439 4205 Ut
450 4159 571 4206 sustinere
580 4166 682 4222 corpora
694 4161 807 4222 tuqueun
837 4163 871 4210 tis
883 4171 923 4212 est
936 4161 1061 4212 militaris
1073 4170 1103 4212 et
1115 4162 1298 4227 imperatorie,
1310 4161 1427 4227 plerum·

228 4235 273 4284 tes,
282 4239 352 4272 orme
364 4237 410 4272 sua
422 4225 526 4284 quisque
536 4227 631 4276 insensu
642 4229 796 4276 incumberet.
837 4241 886 4290 que
896 4227 1037 4282 coccinea:
1048 4241 1196 4300 quanquam
1203 4229 1287 4286 etiam
1297 4227 1428 4285 militib&

262 4290 279 4339 b
301 4286 413 4352 Pulsum]
440 4291 517 4338 Nunc
535 4291 637 4346 insidiet
655 4299 815 4362 usurpentur
839 4294 973 4348 tribuitur.
1204 4305 1211 4337 '-

225 4351 454 4410 tntunnumero
464 4354 569 4424 plurali.
617 4383 622 4394 .
