3034 5054
232 336 293 412 174
694 343 946 412 SALLUSTII

1310 473 1320 497 d
1402 489 1407 495 .

274 518 379 588 Nobis
399 516 528 602 ²primae
543 515 751 582 dissensiones
765 517 844 582 vitio
858 517 986 582 humani
1004 517 1120 599 ingenii
1135 519 1291 588 cientem
1313 527 1417 608 quod,

230 595 364 692 inquies,
378 619 471 690 atque
488 601 710 682 bindomitum,
724 624 847 687 semper
862 604 894 666 in
913 605 1080 668 certamine
1095 606 1259 687 libertatis,
1274 627 1327 674 aut
1343 615 1416 695 glo-

229 695 294 769 riae,
309 706 362 756 aut
377 689 597 754 dominationis
612 689 687 771 agit.
731 689 834 752 Prisc.
1087 743 1091 752 .

273 779 308 840 N
310 798 359 840 am
373 773 391 835 i
404 775 577 857 primordio
591 775 677 836 urbis
691 774 732 836 ad
746 775 862 836 bellum
877 782 892 842 ⁶,
898 773 987 838 Persi
1000 773 1258 842 Macedonicum.
1294 783 1390 846 Idm.

271 864 337 926 Res
353 861 494 922 Romana
508 856 681 940 plurimum
696 857 828 941 imperio
843 861 951 937 valuit,
967 860 1035 922 Ser.
1051 860 1185 944 Sulpitio
1200 879 1230 938 et
1248 865 1298 926 M.
1317 867 1416 932 Mar-

228 950 307 1015 cello
323 947 414 1010 Coss.
429 945 514 1008 omni
533 942 656 1008 thallii
670 945 714 1008 cis
735 942 916 1022 ‘Rhenum
931 961 1024 1028 atque
1040 946 1120 1009 inter
1135 968 1220 1010 mare
1239 947 1415 1030 fnostrum,

227 1052 321 1117 atque
338 1032 510 1108 Oceanum,
523 1031 585 1092 uisi
600 1051 668 1112 quae
682 1026 701 1090 ὲ
715 1029 879 1110 paludibus
894 1030 983 1114 invia
993 1030 1063 1106 fuit,
1079 1034 1259 1114 perdomiti,
1285 1038 1414 1119 sopti-

226 1122 288 1184 mis
304 1133 409 1182 autem
429 1117 580 1192 moribus,
595 1129 626 1177 et
646 1117 781 1179 maxima
799 1117 964 1180 concordii
978 1117 1043 1198 egit
1062 1119 1196 1200 populus
1215 1120 1306 1190 Rom,
1322 1123 1413 1186 inter

225 1205 400 1270 secundum
419 1217 512 1286 atque
532 1215 724 1284 postremum
741 1201 857 1264 bellum
874 1201 1158 1286 Carthaginiense..
1190 1205 1358 1275 Victorinus
1375 1219 1412 1273 et

225 1290 433 1376 Augustinus.

270 1381 318 1440 At
333 1373 500 1449 discordia,
514 1387 546 1437 et
561 1372 701 1450 avaritia,
715 1388 809 1454 atque
824 1374 964 1450 ambitio,
977 1385 1009 1437 et
1023 1387 1132 1438 caetera
1151 1377 1297 1440 secundis
1312 1379 1408 1442 rebus

225 1463 302 1526 oriri
324 1459 435 1526 l’sueta
458 1460 548 1534 mala,
563 1473 633 1542 post
654 1459 851 1542 Carthaginis
878 1460 1038 1522 excidium
1058 1459 1194 1525 maxime
1213 1478 1304 1526 aucta
1322 1477 1407 1534 sunt.

224 1547 314 1612 Nam
330 1547 450 1632 injuriae
463 1543 662 1618 validiorum,
676 1560 708 1606 et
722 1546 762 1606 ob
779 1566 831 1606 eas
845 1545 996 1607 discessio
1012 1540 1108 1629 plebis
1123 1544 1141 1606 it
1156 1547 1305 1626 patribus,
1321 1549 1408 1610 aliae·

224 1655 288 1716 que
303 1632 511 1694 dissensiones
530 1629 617 1690 domi
633 1628 723 1691 fuere
741 1627 809 1711 jam
824 1630 897 1691 inde
912 1628 930 1690 i
946 1631 1113 1714 principio:
1135 1653 1237 1711 neque
1254 1635 1407 1715 amplius,

223 1716 320 1800 quiem
343 1715 469 1796 regibus
490 1713 618 1788 exactis,
632 1713 710 1775 dum
730 1727 832 1776 metus
851 1711 870 1774 a
892 1713 917 1753 ¹³
928 1715 1099 1798 Tarquinio
1118 1729 1148 1778 et
1167 1717 1283 1782 bellum
1304 1739 1407 1800 grave

222 1823 297 1868 cum
318 1799 468 1862 ¹¹Etrurii
489 1799 626 1881 positum
647 1813 707 1876 est,
719 1819 808 1880 aequo
826 1814 858 1862 et
876 1800 1020 1864 modesto
1035 1801 1108 1886 jure
1124 1801 1294 1882 agitatume
1318 1803 1407 1882 dein,

222 1887 331 1952 servili
346 1883 477 1968 imperio
496 1898 598 1966 patres
615 1882 737 1968 plebem
753 1905 915 1958 exercere;
938 1887 978 1949 de
994 1887 1057 1949 viti
1077 1901 1168 1968 atque
1190 1885 1306 1968 ¹tetgo¹¹
1317 1889 1406 1970 regio

222 1995 312 2038 more
329 1970 510 2043 consulere;
526 1989 602 2052 agro
613 1967 747 2053 pellerc3
762 1985 804 2047 et,
816 1973 934 2040 caeteris
949 1973 1140 2056 expertibus,
1152 1972 1209 2034 soli
1218 1973 1257 2032 in
1273 1973 1406 2056 imperio

221 2080 327 2144 agere.
372 2055 498 2131 Quibus
514 2055 653 2130 saevitiis,
667 2069 699 2116 et
717 2053 854 2117 maxime
870 2056 994 2120 foenoris
1014 2078 1107 2120 onere
1126 2077 1270 2140 oppressa
1287 2060 1405 2140 plebes,

222 2145 299 2216 citm
324 2141 459 2216 assiduis
481 2139 570 2212 bellis
591 2140 742 2212 tributum
764 2141 858 2202 simul
880 2157 912 2204 et
938 2143 1081 2205 militiam
1104 2143 1258 2216 toleraret,
1284 2158 1403 2208 armata

222 2245 364 2297 montem
385 2238 552 2301 lxisacrum,
573 2239 666 2308 atque
689 2225 896 2308 Aventinum,
919 2228 1051 2290 inseditt
1075 2241 1205 2308 tumque
1227 2227 1337 2288 nTrib.
1359 2230 1403 2311 pl.

132 2367 134 2372 .
222 2331 255 2378 ct
268 2317 328 2379 alia
342 2313 402 2376 sibi
408 2329 411 2338 ’
413 2312 486 2395 jora
500 2310 631 2394 paravit.
676 2309 916 2376 Discordiarum
928 2329 958 2375 et
973 2312 1153 2388 certaminis
1164 2312 1321 2395 utrimque
1334 2314 1403 2382 finit

222 2400 285 2466 fuir
299 2399 471 2464 secuudum
486 2395 603 2460 bellum
618 2394 785 2460 Punicum.
829 2397 1042 2483 Augustinus.
1275 2405 1278 2410 '

660 2544 961 2614 turstenurtno.

263 2681 276 2715 ¹
292 2677 398 2764 Neque
419 2671 551 2758 simplicis
571 2670 679 2734 Rotnae
699 2673 808 2756 agita-¹
825 2673 929 2736 bellum
944 2694 1045 2764 graue
1061 2677 1261 2758 positum-eet
1279 2693 1346 2736 cum
1360 2675 1405 2736 E.

223 2775 286 2824 tum
315 2775 360 2824 est
389 2782 472 2846 aeqno
502 2770 531 2820 et
559 2757 688 2820 modesto
713 2757 800 2841 jure,
825 2761 939 2840 truriei,
958 2773 1121 2846 postquam
1143 2781 1231 2844 reges
1248 2761 1336 2844 pulsi
1358 2782 1402 2828 es.

189 2855 193 2874 '
221 2846 315 2936 quim
330 2847 401 2910 dum
419 2857 514 2909 metus
534 2841 554 2904 ἁ
576 2844 801 2930 Tarquiniana
823 2858 900 2910 cent.

491 3066 493 3072 ,
752 3011 873 3062 NOTAE..
1024 3069 1025 3074 Ἰ

254 3141 270 3174 a
293 3123 406 3187 Ptine]
433 3127 473 3174 De
497 3119 671 3174 seditionibus
695 3120 801 3171 videtur
857 3121 1010 3186 gomma]
1033 3125 1091 3172 Hoc
1108 3121 1173 3172 illud
1190 3122 1317 3188 estquod
1333 3122 1416 3174 dixit

221 3204 308 3260 agere,
329 3207 386 3255 qua
404 3191 436 3240 ob
454 3189 637 3240 faeneratorum
655 3188 800 3250 potentiam
824 3187 849 3236 in
867 3189 1009 3253 iugurtha,
1027 3195 1146 3240 senatum
1167 3197 1196 3238 et
1213 3193 1243 3239 P.
1260 3193 1401 3240 Romanum

219 3255 352 3322 praecipue
364 3265 445 3322 atque
457 3256 633 3320 potentiorum
643 3255 801 3316 superbiam,
822 3254 926 3318 placide
942 3257 1011 3308 inter
1022 3273 1058 3313 se,
1072 3254 1246 3324 modesteque
1260 3255 1401 3321 rempubl‘n

220 3332 286 3374 ortae
301 3330 370 3374 sunt.
404 3319 532 3373 caeterum
550 3323 653 3372 locutus
668 3320 748 3370 fuerit
767 3320 800 3370 de
823 3335 879 3371 cam
892 3325 1030 3373 tractasse.
1152 3336 1155 3342 ’

219 3391 313 3456 primis
337 3388 443 3440 omuino
468 3391 641 3438 Romanorum
667 3387 801 3438 divisioni·
856 3389 873 3438 h
886 3389 981 3450 Suetu]
993 3389 1034 3439 Ab
1046 3389 1080 3438 iis
1092 3389 1182 3454 itaque
1193 3389 1245 3440 sibi
1257 3389 1399 3440 cavendum

220 3457 279 3521 hus,
289 3473 320 3507 an
330 3471 389 3519 non,
398 3454 586 3519 nostraparutn
598 3454 723 3504 interest:
735 3455 806 3504 illudv
821 3468 880 3505 esse
892 3456 1041 3522 intelligant
1052 3456 1098 3522 qui
1107 3455 1211 3508 favente
1230 3463 1342 3506 utuntur
1352 3455 1401 3506 ior·

219 3536 261 3575 est
273 3529 424 3584 maximum,
433 3521 590 3590 quddnobis
601 3536 690 3571 verum
701 3521 800 3571 discor·
822 3523 896 3572 tuna.
1150 3539 1164 3560 ν
1303 3563 1307 3570 ,
1364 3539 1368 3547 ’

219 3587 799 3654 diarum,nostrarumfontemonenditquem
856 3591 864 3637 i
878 3587 1037 3662 Tarquinia]
1051 3591 1170 3654 Steterbo,
1182 3589 1295 3646 scilicet,
1308 3599 1399 3652 regum

220 3659 339 3707 obstruet
349 3660 397 3724 vqui
408 3659 477 3708 volet
489 3663 517 3706 et
527 3655 636 3720 poterit.
822 3657 995 3706 Romanorum
1005 3665 1149 3720 postremo,
1157 3657 1264 3721 quiana
1272 3672 1332 3707 curn
1339 3656 1399 3706 liliis

254 3723 446 3787 bladinum]
466 3724 498 3774 ld
509 3729 559 3784 est,
573 3725 639 3786 qnod
649 3724 742 3770 domm
752 3737 799 3770 non
822 3722 947 3772 adversus
968 3725 1097 3773 Romanos
1114 3723 1217 3773 ‘bellum
1240 3725 1333 3784 movit,
1355 3737 1401 3772 eos

215 3797 304 3856 potest.
821 3803 897 3838 manu
909 3791 935 3838 ln
949 3803 1059 3854 regnum
1072 3790 1214 3840 reducente
1227 3793 1401 3841 Etruscorum

253 3851 379 3918 cPeren]
393 3855 581 3920 Anominativo
592 3857 721 3904 Perseus:
731 3852 797 3902 aliis
821 3870 882 3920 rege
895 3857 1020 3906 Por-seni,

218 3925 313 3974 Perses
326 3921 522 3988 dicitur,quem
537 3936 618 3988 regno
636 3919 819 3988 Macedoniae⁴
852 3922 1009 3984 hidonem]
1029 3923 1110 3992 ltaliae
1130 3923 1250 3989 regioed
1262 3924 1340 3974 Urbis
1351 3924 1400 3973 Oc·

218 3989 328 4042 Romani
341 3988 526 4051 spoliaverunt.
819 3988 918 4038 eidum.
952 3987 1039 4038 'Hodie
1056 3992 1171 4040 Toronae.

251 4057 271 4107 d
293 4053 397 4116 Gallim]
421 4055 488 4103 Hinc
511 4061 593 4119 patet,
612 4053 685 4119 quod
706 4062 733 4103 et
754 4053 797 4104 alii
852 4055 975 4120 lTergai
988 4058 1056 4113 Quia
1065 4057 1218 4108 verberibus
1229 4056 1256 4107 iu
1266 4057 1399 4108 dentnmos

204 4177 208 4184 ,
219 4122 324 4175 abunde
337 4123 520 4186 probaverunt,
530 4121 693 4172 Germaniam
705 4123 798 4170 reteri·
821 4123 968 4172 saeviebant.
1189 4148 1191 4152 v
1399 4141 1401 4146 ’

217 4191 267 4241 bus
279 4191 327 4240 sub
339 4189 426 4238 Gallia
437 4188 649 4250 comprehensam
663 4186 752 4237 fuisse.
853 4203 879 4238 rn
891 4188 1017 4252 Sacrum}
1034 4193 1185 4253 Capitolium.

253 4273 268 4306 e
280 4254 416 4318 Rhenum]
435 4255 541 4304 Rhenus
552 4253 706 4305 notissimus
718 4253 798 4306 hodie
853 4271 869 4304 n
885 4253 970 4318 Μὰ]
987 4259 1034 4306 Per
1046 4271 1114 4320 quos
1125 4273 1141 4310 a
1152 4257 1327 4326 potentiorum
1337 4253 1402 4322 inju-

220 4321 478 4372 Germaniaefluvius.
819 4321 1078 4391 ria‘tutaagitarent.
1159 4329 1161 4336 ⁴

251 4387 418 4454 internam]
435 4386 666 4446 Mediterraneum.
