3034 5054
216 279 278 339 na
353 321 358 330 .
675 248 925 336 succussu

215 445 277 528 egi.
302 441 390 520 Quid
406 443 478 506 dein
491 441 606 526 proelia,
620 455 674 506 aut
687 443 901 527 expeditiones
913 443 1072 518 hibernas,
1083 443 1201 527 oppida
1216 443 1331 523 exclan,
1341 456 1400 510 aut

214 549 338 614 recepta
359 529 559 592 enumerem?
585 527 721 602 Quando
743 550 793 592 res
815 528 886 611 pllrs
903 527 1004 592 valent
1023 525 1117 610 quim
1134 531 1239 594 verba.
1287 531 1397 600 Caistra

214 617 352 680 hostiurn
367 615 449 699 apud
471 615 658 676 ³Sucronem
672 627 772 698 capta,
785 629 817 676 et
832 615 970 696 proelium
986 616 1069 698 apud
1085 615 1203 678 flumen
1225 615 1398 693 bDurium,

215 716 247 764 et
258 705 324 765 dux
339 701 475 764 hostium
491 699 529 762 C.
546 698 725 762 Herennius
740 720 811 761 cum
828 701 904 762 urbe
919 701 1076 776 Valentia,
1086 717 1118 762 et
1133 701 1276 766 exercitu
1291 701 1398 778 deleti,

215 785 292 852 satis
308 788 389 851 clara
403 785 491 848 vobis
504 800 593 846 sunt:
609 805 666 867 pro
682 785 766 865 quis,
781 785 893 866 dgrsti
910 800 1022 866 patres,
1037 800 1220 866 egestatem,
1236 802 1268 850 et
1279 785 1397 848 famem

214 873 359 938 redditis.
384 870 493 952 ltaque
509 889 591 944 meu,
604 886 637 932 et
650 869 787 934 hostium
801 869 965 945 exercitui,
977 891 1033 953 par
1048 871 1187 934 conditio
1202 886 1259 935 est.
1294 872 1330 932 N
1332 893 1398 934 am·

212 968 277 1040 'que
289 956 479 1040 stipendium
489 954 591 1018 neutri
606 955 698 1017 datur
708 979 717 1028 ς
729 953 828 1018 victor
839 972 969 1037 uterque
982 954 1013 1016 iu
1030 955 1156 1038 Italiam
1167 959 1271 1020 venire
1283 971 1396 1039 potest.

217 1043 315 1119 Quod
326 1061 388 1124 ego
400 1062 457 1104 vos
472 1061 595 1118 moneo,
605 1055 774 1123 quaesoque
788 1054 825 1102 ut
839 1039 1113 1114 animadvertatis3
1135 1037 1197 1118 neq
1209 1041 1325 1122 cogatis
1342 1063 1397 1106 ue·

215 1130 410 1193 cessitatibus
428 1121 576 1211 privatim
600 1125 677 1186 mihi
699 1129 870 1188 consulere.
916 1125 1102 1207 Hispaniam
1125 1125 1310 1203 citeriorem,
1325 1147 1406 1208 quae

215 1236 278 1280 non
293 1217 330 1276 ab
346 1213 486 1276 hostibus
501 1225 638 1288 tenetur,
648 1232 704 1273 uos
716 1226 769 1273 aut
783 1210 940 1274 Sertorius
951 1214 991 1274 ad
1007 1211 1249 1274 internecionem
1259 1212 1398 1274 vastavi·

214 1321 298 1375 mus,
309 1315 419 1384 praeter
430 1296 602 1360 maritimas
611 1297 764 1372 civitates,
775 1317 843 1378 quae
858 1299 962 1360 cultro
972 1295 1062 1360 nobis
1074 1299 1223 1379 sumptui,
1235 1295 1398 1378 onerique.

216 1387 331 1472 Gallia,
353 1384 511 1468 superiore
533 1403 625 1458 anno,
648 1381 774 1444 Metelli
795 1381 968 1444 exercitum
990 1383 1158 1465 stipendio,
1176 1382 1399 1464 frumentoque

213 1473 313 1546 aluit;
329 1487 360 1533 et
374 1491 456 1532 nunc
469 1465 584 1530 dmalis
599 1467 752 1530 fructibus
766 1468 832 1550 ipsa
847 1467 901 1530 vix
913 1467 1021 1548 agitat.
1058 1463 1129 1548 Ego
1145 1489 1207 1531 non
1221 1488 1289 1530 rem
1304 1465 1399 1530 fami·

213 1557 324 1621 liarem
340 1554 449 1631 modo,
464 1552 576 1614 verltm
596 1553 691 1613 etiam
713 1552 843 1628 eiidem,
858 1552 1048 1634 consumpsi.
1092 1552 1218 1636 Reliqui
1234 1575 1292 1616 vos
1310 1553 1402 1632 estis,

215 1641 271 1727 qui
286 1641 345 1704 nisi
362 1637 543 1709 subvenitis,
556 1637 654 1699 invito
677 1639 709 1698 eb
730 1637 913 1720 praedicente
930 1659 993 1714 me,
1007 1637 1158 1700 exercitus
1173 1639 1255 1716 hinc,
1270 1652 1397 1702 etcum

216 1748 255 1789 eo
270 1747 362 1788 omne
377 1723 493 1786 bellum
508 1721 677 1804 Hispaniae,
689 1722 722 1784 iu
738 1721 861 1783 ltaliam
876 1723 1112 1805 transgreditur.
1176 1789 1180 1796 ⁴

216 1877 220 1892 ¹
260 1811 409 1892 Namque
425 1807 484 1882 his,
499 1822 610 1890 praeter
623 1808 712 1870 solita
724 1807 846 1872 vitiosis
860 1808 1103 1890 magistratibus,
1114 1806 1188 1872 'ciam
1200 1828 1256 1892 per
1271 1825 1401 1882 omnem

117 1971 121 1978 ,
155 1964 157 1968 ,
215 1897 409 1982 provinciam
431 1893 675 1955 infecunditate
696 1893 812 1955 biennii
828 1893 963 1976 proximi
981 1915 1076 1978 grave
1090 1894 1231 1978 pretium
1247 1889 1401 1957 fructibus

215 1999 308 2046 esset.
351 1981 433 2044 Non.
449 1979 549 2042 Grone
563 1979 689 2041 multum

254 2069 305 2152 ¹Hi
321 2067 449 2130 saltibus
465 2066 624 2145 occupatis
646 2061 729 2126 frum
749 2077 948 2126 externorum
969 2085 1060 2148 agros
1075 2061 1220 2128 invasdre
1236 2061 1399 2126 frumeuti·

216 2177 289 2238 que,
301 2173 341 2216 ex
352 2151 454 2234 inopiis
469 2149 569 2230 gravi,
584 2149 676 2212 satias
689 2148 779 2210 facta.
803 2150 898 2211 Idem.
908 2151 1012 2213 Sotion
1021 2163 1082 2234 pro
1096 2151 1235 2213 satietas.

261 2240 376 2319 Neque
394 2236 461 2318 jam
476 2233 622 2296 sustineri
636 2248 757 2318 poterat
773 2235 960 2298 immensum
978 2251 1069 2298 aucto
1085 2237 1176 2312 mari,
1189 2249 1220 2300 et
1233 2247 1327 2298 vento
1342 2233 1401 2320 gli-

113 2313 116 2318 ’
216 2323 325 2389 acenti.
349 2322 437 2382 Idem.
457 2319 576 2394 Gliscit,
591 2332 637 2381 est
646 2321 845 2404 congelascit,
855 2322 1024 2404 colligitur,
1037 2321 1181 2406 ignescit,
1195 2321 1314 2384 crescit.

217 2467 221 2482 ,.
261 2412 312 2470 Ac
327 2401 559 2481 tum'maxime‚
572 2401 618 2466 uti
632 2409 710 2468 solet
724 2405 872 2468 extremis
886 2407 918 2468 in
934 2409 1037 2484 rebus,
1052 2407 1111 2469 sibi
1127 2407 1259 2490 quisque
1276 2407 1400 2470 carissi·

215 2515 304 2560 mum
325 2493 412 2555 domi
433 2491 601 2566 reeordari,
616 2491 780 2573 cunctique
801 2492 943 2557 omnium
962 2493 1112 2557 ordinum
1134 2507 1277 2560 extrema
1295 2493 1402 2558 munia

216 2585 317 2663 sequi.
341 2579 421 2640 Idem
437 2575 560 2652 Manio,
572 2573 687 2663 Officio.
845 2628 849 2632 ,.
999 2595 1004 2602 ·

217 2735 219 2742 ‚
261 2667 304 2728 E't
327 2664 407 2726 forte
428 2663 459 2724 in
482 2664 658 2743 navigando
680 2661 790 2725 cohors
808 2683 880 2739 una,
896 2663 1006 2745 grandi
1027 2662 1149 2726 sfaselo
1165 2665 1262 2744 victa,
1280 2666 1401 2728 caeteris

209 2751 385 2836 deerravit,
400 2748 541 2827 marique
554 2747 674 2830 placido
690 2743 841 2811 aduobus
856 2751 1037 2830 praedonum
1057 2747 1324 2835 hmyoparonibus
1338 2752 1399 2815 cir·

218 2847 397 2899 cumventa.
422 2833 513 2903 Idem,
523 2833 555 2892 in
570 2852 640 2895 uoce
653 2833 791 2911 Fascius,
806 2846 836 2897 et
846 2832 1010 2920 Myopt'rro.
1157 2910 1160 2913 .

262 2915 358 2995 Eum,
374 2931 466 3010 atquc
490 2917 732 3001 Metrophanem
748 2940 871 2984 senatus
893 2923 1004 3006 magnit
1023 2921 1174 3008 industrii
1188 2913 1398 3005 perquirebat,

218 3005 293 3071 clim
308 3026 364 3088 per
377 3019 424 3065 tot
445 3003 599 3084 ¹scaphas,
614 3026 690 3086 quas
706 3009 746 3068 ad
762 3007 842 3072 ostia
856 3017 930 3069 cum
944 3007 1052 3090 paucis
1069 3007 1139 3071 finis
1154 3023 1402 3092 percunctatum,

191 3095 378 3156 'miserann
399 3089 493 3168 Idem,
508 3101 537 3151 et
552 3089 706 3172 Corist'ns,
716 3092 736 3152 l.
750 3095 814 3153 i..
897 3169 898 3178 ἵ
1242 3118 1243 3121 “

457 3201 459 3205 ’
805 3191 807 3196 “
1058 3217 1061 3222 ,
1137 3193 1150 3220 F

752 3306 866 3370 noras.

1320 3435 1337 3474 d

218 3559 220 3564 ,
253 3504 432 3570 adnomen]
443 3501 665 3568 Sucrollispaniae
675 3505 801 3564 Tarraco·
855 3501 869 3555 l
876 3507 939 3556 Tum
949 3501 1129 3569 externorum]
1146 3505 1250 3570 Lipsius
1266 3504 1401 3573 ingeniosi

218 3575 307 3626 nensis
315 3574 377 3636 urbs
389 3584 432 3624 est
442 3579 471 3622 et
484 3569 588 3620 fluvius.
822 3586 869 3636 pru
888 3583 938 3624 tum
958 3584 1121 3633 octonorum,
1140 3575 1342 3624 Termestinorum
1362 3589 1402 3626 re·

215 3696 219 3702 ¹
253 3639 413 3704 meinm]
430 3641 529 3690 Durius
542 3636 638 3696 fluvius
651 3646 693 3686 est
706 3637 799 3702 Hispa·
822 3641 925 3702 posuit:
947 3647 1008 3690 sunt
1024 3639 1095 3692 euim
1110 3640 1148 3690 illi
1160 3639 1295 3692 citerioris
1308 3641 1401 3706 Hispu-

186 3763 191 3771 .
219 3709 277 3773 nin,
287 3721 334 3770 qtu
345 3709 504 3764 Lusitaniam
517 3707 639 3756 terminat
649 3701 665 3752 ὲ
677 3703 798 3753 Meridie.
821 3705 870 3755 niae
879 3706 979 3771 pupuli.
1267 3709 1270 3712 ’

227 3794 233 3803 ‘
252 3770 377 3834 cultra]
394 3775 423 3820 ltl
435 3782 484 3833 est,
499 3790 559 3836 qtae,
568 3774 622 3821 dcam
632 3775 657 3820 in
669 3781 763 3819 nostros
772 3788 798 3819 u·
853 3771 998 3838 gFuaeIu]
1023 3773 1130 3838 Navigii
1151 3789 1234 3839 genus
1258 3781 1309 3835 est,
1328 3772 1403 3838 qilod

216 3858 263 3898 ,etta
272 3841 564 3903 seronndnnjndicumns,
576 3840 644 3887 nolrn
656 3846 713 3886 nunt
725 3842 797 3888 oneri.
820 3839 886 3890 velis
897 3848 925 3888 et
934 3843 1013 3889 remis
1026 3841 1069 3906 agi
1081 3849 1178 3905 potest.

253 3901 389 3966 dMolis.]
405 3908 515 3976 Propter
528 3907 623 3955 anniet
632 3913 798 3968 tempestatis
853 3905 870 3954 h
888 3901 1104 3971 myoparonibus]
1124 3911 1252 3974 Myoparo
1269 3903 1342 3956 navis
1359 3911 1403 3957 eat

218 3971 448 4029 irrlaecunditatem
469 3974 535 4022 Gall.
545 3972 670 4036 dicimus,
682 3971 723 4020 Lo
733 3987 799 4022 mnn-
822 3972 942 4037 piratica,
953 3988 987 4023 ex
1003 3973 1106 4026 duabus
1124 3973 1297 4026 dissimilibus
1310 3973 1404 4024 forma·

219 4045 289 4091 nolae
299 4035 393 4088 onrado:
406 4039 447 4086 Lu
457 4044 582 4089 mertoniae
593 4043 680 4088 carison.
821 4049 855 4089 ta.

251 4125 267 4157 e-
285 4101 393 4166 Finem]
411 4104 514 4155 indicat
532 4121 559 4155 se
580 4105 748 4172 undiquaque
766 4104 798 4153 ab
855 4103 1010 4170 inceptos]
1024 4107 1200 4174 Scaphaesunt
1211 4106 1337 4158 naviculae
1344 4120 1404 4171 quat

215 4173 323 4233 amicis,
334 4169 351 4221 d
362 4170 457 4234 quibus
471 4169 526 4236 jam
539 4187 589 4221 non
605 4168 719 4235 amplids
730 4173 798 4221 ausit
821 4174 946 4223 onerariis
960 4171 1138 4240 impnntintur,
1149 4181 1196 4224 aut
1208 4176 1240 4225 iis
1252 4173 1403 4240 alligantur,

217 4247 320 4306 petere,
331 4228 447 4298 mutuim
456 4237 593 4306 pecuniam
607 4251 654 4306 pro
663 4238 799 4304 republica
822 4249 851 4288 ut
868 4253 977 4304 pereas
996 4235 1081 4304 nautae
1097 4241 1158 4296 loca
1168 4241 1267 4299 vadosa
1284 4239 1402 4302 subeant.

211 4305 371 4374 ’empsisse
386 4375 389 4382 Ι
823 4305 889 4380 Gall.
901 4307 947 4364 *Uo
959 4307 1046 4383 ecquis.
