3034 5060
425 345 627 420 autnon
650 345 1028 437 Jucuatnrnum.
1140 335 1148 352 '
1190 297 1198 320 ’
1256 336 1368 418 aa·

130 517 235 614 perio,
257 526 505 609 licentiamque
526 525 655 590 lascivia
678 541 868 610 corruperat,
890 523 952 590 ¹ex
971 525 1059 610 copiti
1081 543 1185 587 rerum
1208 518 1317 588 statuit
1409 549 1413 558 ·

130 615 194 677 sibi
215 615 292 676 nihil
312 616 493 696 agitandum
539 612 662 676 Interea
685 613 792 674 Romae
812 613 850 676 C.
872 611 1037 674 Mamilius
1058 612 1242 674 Limetanus
1257 609 1316 671 Tr.

130 701 216 784 pleb.
240 700 454 783 ’rogationem
477 698 518 760 ad
544 700 694 780 populum
720 701 909 783 promulgat,
929 700 974 762 uti
1000 711 1193 780 quaereretur
1212 695 1242 758 in
1261 715 1316 756 eos

132 805 265 868 quorum
282 785 412 848 consilio
428 787 584 866 Jugurtha
598 785 715 847 ⁸senati
730 787 856 847 decreta
871 783 1078 865 neglexissem
1094 783 1213 866 quique
1224 781 1267 842 ab
1278 800 1319 842 eo

131 871 163 933 in
185 871 404 954 legationibus,
419 886 473 932 aut
495 871 635 952 imperiis
651 873 796 952 pecunias
817 871 1026 954 accepissent;
1048 871 1103 953 qui
1126 867 1318 952 elephantos,
1379 897 1397 955 ⁹.

127 957 247 1040 quique
265 956 413 1038 perfugas
431 955 651 1029 tradidissent;
673 957 762 1035 item,
776 956 829 1039 qui
845 957 885 1018 dc
908 953 995 1039 price,
1009 969 1062 1018 aut
1076 956 1158 1018 bello
1173 973 1245 1016 cum
1261 951 1317 1014 ho·
1398 947 1404 964 '

127 1045 230 1104 stibus
250 1043 409 1125 pactiones
425 1041 581 1104 fecissent.
626 1042 713 1104 Huic
733 1041 888 1124 rogationi
909 1041 1021 1123 partim
1044 1040 1161 1104 conscii
1177 1039 1249 1114 sibi,
1264 1036 1318 1100 alii

126 1130 329 1212 expertium
353 1127 480 1202 invidiis,
504 1127 640 1209 pericula
664 1145 850 1205 metuentes,
871 1128 1019 1208 quoniam
1042 1125 1148 1209 aperti
1171 1123 1317 1190 resistere

126 1237 191 1278 non
213 1227 366 1298 poterant,
381 1214 457 1295 quin
479 1214 541 1285 illa,
556 1229 588 1274 et
603 1214 663 1274 alia
683 1215 755 1274 talia
771 1215 891 1295 placere
907 1212 966 1273 sibi
982 1211 1172 1285 faterentur3
1193 1206 1316 1274 occulte

150 1322 186 1361 er
201 1299 331 1372 amicos,
347 1319 382 1360 ac
399 1293 536 1359 maximi
557 1319 613 1378 per
627 1298 770 1360 homines
786 1295 920 1358 nominis
935 1297 1053 1374 Latini,
1068 1312 1100 1359 et
1114 1297 1215 1360 socios
1228 1295 1243 1336 Β
1254 1295 1317 1359 lta·

73 1447 78 1470 ,
122 1317 219 1462 iicos,
232 1384 456 1466 impedimenta
472 1388 630 1466 parabant.
664 1383 727 1446 Sed
744 1384 860 1465 plebes,
876 1383 1056 1446 incredibile
1072 1397 1246 1446 memoratu
1259 1396 1319 1460 est,

124 1469 281 1554 quamnim
294 1471 410 1532 intenta
422 1467 529 1546 fuerit,
541 1472 717 1551 quantique
728 1469 759 1531 vi
772 1468 967 1550 rogationem
980 1469 1122 1553 jusserit,
1132 1468 1319 1544 decreverit,

121 1556 271 1631 voluerit,
284 1549 386 1636 magis
402 1554 477 1616 odio
493 1553 673 1631 nobilitatis,
689 1556 739 1616 cui
756 1555 837 1618 mala
852 1555 905 1616 illa
920 1557 1117 1633 parabantur,
1132 1552 1227 1636 quim
1244 1558 1319 1617 curi
1361 1549 1368 1565 ⁶

120 1643 222 1724 reip.;
238 1656 321 1704 tauta
336 1639 465 1703 clubido
481 1640 512 1702 in
528 1640 666 1724 partibus
683 1645 765 1703 erat.'
792 1640 905 1724 Igitur,
922 1641 1041 1703 esteris
1057 1657 1143 1704 metu
1156 1641 1319 1724 perculsis,

125 1724 181 1788 M.
195 1727 341 1803 Scaurus,
356 1747 451 1808 quem
468 1726 605 1808 legatum
622 1727 736 1788 Bestiae
752 1725 849 1790 fuisse
865 1724 958 1810 sopri
971 1727 1227 1804 memoravimus,
1237 1727 1320 1790 iuter

121 1813 265 1875 laetitiam
286 1811 397 1894 plebis,
421 1825 454 1874 et
478 1809 634 1873 dsitorum
655 1811 776 1893 fugam,
797 1813 941 1894 etrepidi
967 1814 1152 1878 etiamtum
1178 1813 1318 1890 civitate,

122 1919 200 1960 cum
217 1917 258 1958 ex
275 1893 462 1957 Mamiliani
475 1895 636 1980 rogatione
651 1911 715 1958 tres
737 1893 937 1976 fquaesitores
952 1913 1147 1978 rogarentur,
1162 1899 1319 1974 effecerat,

120 1997 162 2046 ut
184 1983 250 2066 ipsc
274 1981 306 2044 in
328 2001 367 2042 eo
390 1996 523 2044 numero
544 1997 713 2044 crearetur.
759 1981 834 2058 Sed,
856 1983 1025 2064 quaestione
1049 1984 1186 2044 exerciti
1207 1985 1317 2068 asper&

122 2068 342 2150 violenterque
364 2087 405 2128 ex
426 2087 564 2145 rumore,
581 2080 612 2128 et
633 2067 772 2130 lubidine
795 2067 905 2152 plebis,
927 2068 992 2133 ³uti
1010 2066 1090 2151 saepb
1113 2069 1321 2149 nobilitatem,

123 2156 171 2218 sic
186 2155 221 2216 ei
238 2166 421 2236 tempestate
436 2153 571 2235 plebem,
583 2173 624 2216 cx
638 2138 785 2218 secundis
800 2154 893 2218 rebus
909 2154 1075 2218 insolentia
1090 2171 1226 2238 ceperat.
1250 2155 1319 2218 Car·

122 2239 231 2306 terrim
254 2259 323 2302 mos
344 2237 481 2323 partium
503 2239 713 2324 popularium,
737 2255 769 2303 et
790 2244 917 2302 senatus
939 2241 1123 2317 lactionum,
1145 2259 1181 2303 ac
1203 2241 1320 2304 deinde

123 2325 267 2389 omnium
289 2325 443 2388 malarum
466 2326 594 2402 artium,
610 2325 718 2408 paucis
739 2323 810 2388 autb
832 2327 920 2390 annis
943 2325 1054 2389 Romae
1076 2341 1164 2389 ortus
1180 2342 1238 2403 est,
1253 2327 1320 2391 otio

123 2425 220 2496 atque
237 2410 425 2474 abundantii
440 2431 548 2473 earum
564 2431 682 2488 rerum,
698 2433 766 2495 quae
782 2411 883 2496 prima
899 2415 1044 2476 mortales
1060 2413 1189 2476 ducunt.
1231 2413 1320 2478 Nam

123 2515 195 2561 ante
213 2495 436 2580 Carthaginem
456 2497 607 2573 deletam,
624 2499 768 2580 populus,
789 2513 820 2560 ct
840 2514 964 2560 senatus
987 2497 1083 2560 Rom.
1103 2496 1226 2580 placidi
1250 2522 1318 2564 mo·

128 2579 282 2665 destbque
294 2582 375 2644 iuter
384 2602 418 2644 se
429 2584 571 2666 rempub.
584 2583 775 2670 tractabantr
790 2603 893 2666 neque
903 2582 1008 2666 gloria
1020 2606 1122 2666 neque
1130 2585 1319 2651 dominatio·

128 2669 178 2731 nis
194 2681 352 2732 certamen
372 2667 477 2730 rimer
491 2668 576 2731 cives
592 2682 677 2731 erat:
702 2686 804 2733 metus
819 2669 942 2733 hostilis
958 2670 1094 2732 inbonis
1109 2669 1228 2734 artibus
1242 2672 1319 2736 civi·

124 2771 223 2820 tatem
238 2753 402 2818 retinebat.
425 2753 489 2818 Sed
504 2755 557 2818 ubi
574 2754 712 2819 formido
725 2755 778 2822 illa
791 2757 948 2822 mentibus
964 2755 1120 2836 discessit,
1135 2755 1254 2822 scilicet
1269 2779 1319 2838 ea,

575 2928 875 2980 INTERPRSTATIO.

170 3034 278 3098 ¹Czim
298 3039 343 3098 ita
361 3059 394 3100 se
415 3039 466 3100 res
481 3035 634 3118 haberent,
648 3053 710 3102 sto·
777 3040 789 3076 ³
809 3040 872 3106 Sed
889 3041 1053 3124 questione
1078 3040 1185 3103 bobitci
1211 3041 1320 3124 asper>

124 3123 187 3186 tuit
197 3123 280 3184 nibil
287 3123 347 3185 sibi
362 3123 547 3186 mouendum.
734 3137 763 3188 ct
777 3128 925 3189 uiolenter
936 3148 975 3189 cx
988 3127 1320 3190 admurmurationibus

166 3208 371 3271 ²Limetanns
377 3210 525 3292 populum
536 3212 712 3294 interrogat
732 3224 762 3276 et
776 3213 949 3275 libidinosis
957 3213 1065 3296 populi
1080 3215 1171 3291 uotis,
1186 3213 1269 3278 insol
1305 3249 1319 3264 ·

124 3315 198 3360 num
220 3296 282 3378 ipsi
299 3297 446 3378 placeret,
460 3307 497 3356 ut
513 3299 637 3380 questio
657 3302 711 3359 lica
733 3300 779 3359 tio
801 3311 923 3382 ceperat
943 3299 1059 3382 plebem
1080 3303 1116 3362 eci
1144 3311 1319 3384 tempestate

124 3382 249 3447 beretnr
278 3382 311 3443 in
341 3404 401 3458 eos,
427 3401 557 3464 quorum
586 3365 712 3447 consilio
730 3396 859 3467 propter
872 3386 1122 3467 prosperitatem,
1133 3385 1180 3447 uli
1197 3399 1319 3470 ceperat

126 3467 296 3552 Jngnrtbo
331 3469 458 3532 oenotris
487 3467 608 3530 decreto
642 3489 711 3530 con·
735 3469 813 3552 sepi
829 3467 1025 3534 nobilitatem.

122 3553 310 3638 tempsisset.

661 3676 777 3734 NOTAE.

105 3838 109 3844 .
158 3808 175 3845 a
189 3789 301 3853 umora]
317 3793 369 3842 Pro
381 3795 499 3850 renotds;
513 3789 631 3860 antiqui.
768 3792 960 3858 fQoaesitores]
983 3796 1033 3852 Qui
1052 3795 1078 3846 in
1094 3811 1141 3848 cos
1155 3795 1317 3866 inquietent,

75 3919 79 3928 ι
128 3877 131 3880 ·
156 3857 313 3922 bitoitus]
339 3861 452 3913 Eosdem
472 3860 552 3926 supr&
566 3857 713 3912 sociossim·
734 3861 1069 3929 quitugurthaelaversm.

122 3926 229 3990 pliciter
242 3926 356 3976 vocarit.
767 3933 869 3996 glnter
884 3927 974 3994 cioca]
1000 3933 1052 3988 Qui
1070 3933 1259 3998 rempublicam
1273 3934 1318 3986 ad·
1333 3927 1338 3943 '

157 3991 305 4056 cLubr'do.]
329 3993 380 4044 Hic
394 3993 462 4044 nihil
478 3993 552 4044 alind
567 4001 618 4053 est,
631 3991 710 4060 quim
733 3999 884 4048 ministrant
893 3999 982 4048 isthuc
992 3999 1136 4066 diligenter
1143 4002 1228 4050 animo
1237 4003 1320 4066 agita-

124 4057 255 4112 effrenum
264 4061 386 4112 vincendi
396 4061 634 4118 desideriumeum
643 4062 711 4112 odio.
734 4065 803 4120 bant,
828 4075 860 4115 ut
889 4065 1036 4130 inquietam
1059 4067 1172 4117 hominis
1197 4076 1317 4126 naturam

158 4115 320 4194 Murrum]
339 4128 487 4187 Nobilium,
500 4129 612 4178 scilicet.
732 4127 822 4182 contra
836 4134 926 4182 hostes
943 4129 1030 4202 magis
1043 4132 1122 4201 quim
1138 4141 1228 4185 contra
1244 4135 1318 4186 ciret

157 4207 174 4242 e
188 4194 316 4258 Trepida]
337 4196 461 4254 Vidimus
480 4195 570 4260 sopri.
590 4212 626 4246 ex
647 4195 710 4246 Auli
732 4209 921 4252 converterent.

121 4273 198 4318 casu,
219 4261 314 4324 multos
338 4263 458 4314 libertati
479 4265 583 4313 timere.
617 4265 709 4328 ltaque

121 4323 232 4376 l'acilirls
244 4325 297 4376 fuit
312 4333 420 4389 Scauro,
433 4332 533 4382 caeteris
552 4331 645 4381 laetitiis
665 4340 710 4384 aut

125 4400 196 4444 metu
211 4393 463 4463 turbatis-cogitata
475 4397 610 4463 perticere.
