3034 5054
234 245 298 306 us
693 227 944 316 samusart

226 407 333 476 dendo
347 407 387 472 dc
405 405 485 484 aliis,
498 404 804 472 circumveniamini:
824 396 1085 488 praesttimus
1099 400 1146 468 illi
1163 425 1236 489 spes
1255 407 1354 472 omma
1372 408 1412 472 in

225 496 342 558 scelere
354 509 447 576 atque
462 491 590 574 perfidia
600 491 653 568 sit,
665 501 786 572 “neque
797 511 831 552 se
842 491 932 554 aliter
941 503 1043 553 tutum
1056 505 1155 572 putet,
1190 485 1265 554 nim
1276 492 1304 555 si
1316 494 1413 580 pejor

225 598 318 661 atquc
334 577 537 642 intestabilior
557 573 663 640 ¹’metu
678 593 782 638 vestro
796 575 912 648 fueriti
934 573 1020 658 ι(Ῑιιὸ
1034 513 1337 658 mpdvishimmds
1350 601 1412 644 eu*

223 686 292 730 mm
308 665 436 729 miseris
450 664 587 726 eximat:
603 675 658 729 aut
669 661 696 724 si
711 661 924 744 provideritis,
935 659 968 722 in
982 662 1120 725 tutandis
1134 663 1283 747 periculis
1292 660 1412 747 magis,

224 746 321 834 quim
341 751 373 810 in
393 747 583 824 ulciscendo,
602 746 804 808 ’teneamini
847 745 1012 822 satellites,
1026 746 1156 828 quidem
1175 748 1247 832 ejus
1264 749 1412 814 homiues

223 835 357 900 maximi
380 833 528 910 nominis,
547 847 631 896 ‘non
651 829 759 894 minias
779 831 907 916 optimis
929 833 1085 915 majorum
1104 834 1267 917 exemplis,
1283 855 1411 918 nequeo

224 917 303 986 satis
317 919 437 996 mirari,
450 917 672 982 dominationis
688 917 721 980 in
731 938 798 990 ros,
808 917 974 980 servitium
988 939 1082 980 suum
1091 915 1109 958 ‘¹
1118 921 1294 988 mercedem
1310 921 1410 996 dant;

224 1021 259 1068 et
276 1021 445 1086 utrumque
464 1003 681 1088 perinjurium
700 1003 829 1077 malunt,
844 999 939 1084 quim
955 1003 1075 1084 optimo
1091 1003 1167 1088 jure
1181 1002 1275 1071 libere
1292 1025 1411 1088 ageret

224 1089 370 1176 praetlara
383 1091 579 1152 ‘Brutorum
592 1104 685 1170 atque
694 1086 895 1150 AEmiliorum
906 1103 939 1150 et
950 1085 1170 1153 ‘Lutatiorum
1184 1091 1294 1172 proles,
1304 1090 1409 1173 geniti

225 1177 267 1240 ad
289 1195 338 1252 ea,
357 1196 426 1258 quae
444 1175 580 1260 majores
601 1173 716 1236 virmte
735 1174 899 1255 peperere,
916 1174 1134 1238 subvenenda.
1177 1176 1264 1238 Nam
1283 1175 1357 1256 quid
1386 1172 1408 1236 ai

225 1272 241 1314 ⁸
251 1261 384 1344 Pyrrho,
395 1259 582 1334 Hannibale,
591 1255 608 1298 ¹¹
618 1258 824 1342 Philippoque
835 1274 868 1320 ct
880 1256 890 1296 ¹
900 1257 1061 1322 Antiocho
1073 1259 1237 1324 defensum
1249 1275 1297 1322 est
1307 1260 1408 1338 aliud,

225 1344 321 1430 quim
330 1345 467 1422 libertas,
475 1361 507 1408 et
517 1365 582 1408 suae
593 1343 706 1427 cuique
717 1345 826 1406 sedes:
843 1365 906 1406 neu
916 1345 979 1423 cui,
988 1345 1049 1407 nisi
1059 1343 1192 1432 legibus,
1202 1345 1407 1429 pareremus?

225 1453 297 1516 quae
306 1447 417 1497 cuncta
431 1453 531 1494 savus
546 1431 604 1492 iste
616 1427 810 1507 *Romulus
820 1429 910 1512 quasi
924 1431 964 1492 ab
974 1432 1110 1494 extemis
1122 1447 1219 1514 rapta,
1226 1445 1328 1494 tenete
1343 1451 1408 1496 nou

225 1533 275 1583 tot
288 1519 483 1580 exercituum
505 1518 606 1591 clade,
618 1535 720 1598 neque
740 1512 907 1592 ¹consulis,
920 1529 952 1578 et
972 1515 1103 1579 aliorum
1123 1517 1310 1600 principum,
1323 1536 1409 1600 qnos

226 1603 351 1666 fortuna
365 1602 437 1666 belli
449 1616 693 1682 consumpserat,
703 1601 852 1672 satiatus3
868 1600 926 1662 sed
939 1616 1008 1666 tum
1021 1601 1181 1680 crudelior,
1193 1600 1268 1664 crim
1283 1601 1407 1684 pleros·

226 1707 291 1770 que
302 1687 447 1748 secundae
463 1707 512 1748 res
529 1685 759 1748 miserationem
773 1704 815 1747 cx
828 1685 875 1748 iri
888 1702 1024 1751 vertunt.
1056 1685 1141 1761 Quin
1150 1688 1234 1752 solus
1248 1687 1410 1764 omnium,

226 1786 299 1858 post
317 1772 503 1836 memoriam
520 1771 698 1844 hominum,
717 1771 869 1854 supplicia
890 1771 923 1834 in
948 1783 972 1814 ¹²¹
982 1787 1053 1858 post
1073 1771 1194 1836 futuros
1217 1771 1408 1856 composuit,

227 1857 300 1942 quis
314 1857 405 1942 prius‘
416 1856 530 1943 injuria
543 1853 639 1940 quarn
653 1857 718 1920 vita
732 1871 817 1919 certa
831 1873 931 1919 essett
952 1854 1200 1942 purissimeque
1213 1877 1270 1941 per
1282 1857 1408 1920 sceleris

226 1945 455 2008 immanitatem
470 1943 572 2006 adhuc
591 1958 678 2006 tutus
691 1942 807 2016 fuerit;
829 1944 908 2005 dum
922 1965 991 2022 ans,
1004 1959 1093 2012 metu
1108 1941 1260 2030 gravioris
1274 1941 1406 2020 servitii,

228 2024 425 2113 drepetendti
444 2029 584 2091 libertate
605 2030 778 2090 terremini.
822 2025 996 2110 Agendum
1012 2045 1106 2116 atque
1127 2029 1253 2093 obviam
1269 2029 1405 2092 eundem

227 2131 287 2194 cst,
303 2113 457 2192 Quirites,
475 2135 514 2176 ne
534 2114 632 2197 spolia
646 2131 749 2176 vestra
770 2133 866 2196 penes
887 2115 976 2176 illum
995 2116 1075 2178 sint:
1097 2136 1161 2178 non
1181 2113 1407 2197 prolatandum,

227 2222 331 2282 neque
346 2200 428 2263 votis
438 2201 574 2281 paranda
589 2199 724 2262 auxilia:
738 2198 800 2261 nisi
811 2196 893 2262 forte
905 2201 1047 2282 speratis,
1061 2220 1117 2288 per
1131 2200 1252 2266 tedium
1264 2200 1345 2284 jam,
1353 2216 1407 2262 aut

229 2288 382 2370 pudorem
406 2285 589 2368 tyrannidis,
614 2306 682 2348 esse
704 2285 779 2348 eum
803 2304 861 2368 per
880 2285 983 2350 scelus
1004 2302 1155 2372 occupata
1178 2283 1406 2371 ¹¹periculosius
1496 2309 1497 2324 u

1395 2391 1401 2422 l

671 2489 968 2540 tarsumenno.

270 2640 283 2675 ²
298 2639 345 2715 ,Ur
355 2639 481 2704 miseria
489 2640 605 2702 adimat
614 2631 699 2704 uobis
711 2642 807 2725 capti-
831 2643 939 2706 attmti
948 2641 1020 2706 titis
1029 2643 1074 2705 nd
1082 2663 1136 2706 nos
1146 2642 1166 2704 ἃ
1177 2641 1327 2726 periculis
1338 2641 1404 2704 libe·

228 2723 395 2786 viaturam
410 2724 570 2790 libertatis.
786 2765 790 2774 ·
832 2729 943 2798 rnndns
954 2749 1045 2816 qaam
1057 2730 1102 2798 ad
1114 2729 1249 2814 injurias
1263 2729 1404 2792 ulciscen-

271 2809 285 2888 ξ
312 2808 386 2888 Aut,
414 2811 444 2870 si
467 2809 681 2892 provideritis,
705 2811 809 2898 magis
831 2815 898 2877 dns.

760 2987 877 3036 NOTAE.
914 3027 919 3030 .

261 3149 277 3180 a
294 3095 404 3195 aliqua]
423 3133 519 3198 Igitur,
535 3133 580 3182 vel
600 3133 740 3218 principiis
761 3138 808 3186 ob·
862 3138 1062 3203 thurstinum]
1079 3141 1103 3189 A
1116 3139 1223 3190 Lutatio
1234 3140 1336 3198 Catulo,
1348 3138 1404 3202 ipsc

225 3199 367 3253 ttaudum
388 3199 430 3247 vel
450 3208 534 3248 semet
550 3209 578 3250 et
596 3212 708 3260 mature,
721 3204 763 3253 cui
775 3222 806 3254 es
830 3208 955 3271 hepidan,
979 3208 1075 3257 bellum
1097 3207 1176 3258 civile
1198 3219 1313 3262 movens,
1332 3204 1405 3256 retrd
1493 3197 1494 3212 ¹

227 3264 302 3315 lubet
314 3265 577 3328 arripere‚tradeu‹la
586 3279 647 3317 sunt
658 3269 807 3334 reipublicae
830 3275 921 3337 pulsus
935 3283 984 3324 est.

226 3331 411 3398 gubernacula.
777 3337 781 3347 ⁴
863 3341 1008 3406 mertis]
1018 3341 1050 3391 ld
1059 3348 1109 3401 est,
1120 3344 1240 3391 ndversm
1250 3343 1334 3405 ipsum.
1344 3335 1405 3388 ruit

261 3395 389 3477 boMetu]
419 3399 493 3474 Quem
504 3401 571 3449 naba
587 3403 718 3453 inanime
731 3406 807 3469 Sylla,
830 3418 917 3456 autern
931 3409 1043 3473 Pyrrhus
1056 3425 1104 3460 rex
1116 3409 1291 3473 Epirotarum.

226 3467 341 3520 scilicet,
352 3481 394 3525 ue,
404 3480 426 3515 si
437 3480 529 3529 parum
539 3475 663 3531 tyrannus
672 3480 807 3531 esset,aut
862 3474 880 3528 h
891 3477 1071 3539 Philippoque]
1084 3479 1139 3525 Rex
1150 3475 1203 3524 fult
1214 3471 1382 3523 Macedoniae.
1397 3489 1399 3496 ’

226 3548 272 3580 vos
282 3532 534 3598 aliquidauderetis,
542 3534 628 3598 ipsum
636 3537 805 3587 acerbissime
863 3541 870 3590 i
883 3541 1020 3604 Aribacha]
1029 3547 1086 3594 Rex
1097 3541 1148 3591 luit
1160 3542 1250 3605 Syriae,
1259 3555 1337 3606 quem
1350 3538 1404 3587 lux·
1492 3543 1493 3613 ἦ

226 3599 362 3660 puniretis,
830 3607 887 3658 urit
907 3614 956 3658 sut
976 3607 1146 3671 debellatum,
1165 3608 1238 3658 nullo
1258 3607 1367 3674 negntIo
1379 3607 1405 3654 Ρ.

261 3665 349 3720 οΝωι
364 3665 460 3729 arinis]
481 3667 511 3717 ld
528 3675 580 3728 est,
593 3672 644 3731 qai,
652 3678 749 3788 puter·
766 3687 806 3720 ne·
830 3676 904 3722 Rom.
917 3675 1059 3740 superavit.
1397 3681 1399 3690 '

228 3743 289 3786 rum,
305 3735 414 3794 exempla
432 3737 532 3799 lantper
548 3740 636 3800 optimc
1088 3795 1096 3808 ,

221 3798 319 3859 juribus
328 3799 469 3849 habuerunt.
863 3805 1404 3871 rossanuswideturdsmartialioloqui·

232 3932 237 3942 Ι
261 3863 435 3914 dastracum
443 3867 522 3929 dont]
534 3867 565 3918 ld
577 3877 627 3928 est,
638 3869 806 3932 Ithacensis
862 3889 888 3923 m
901 3878 964 3926 Part
974 3875 1101 3941 suturas]
1119 3879 1176 3926 Hoc
1189 3875 1266 3935 dicit,
1278 3873 1335 3935 qula
1348 3886 1404 3936 plo*

226 3933 509 3996 impenetraaeruistunt.
717 3978 725 3994 ,
829 3941 988 4005 scriptorum
1012 3944 1110 3995 llberos
1133 3945 1203 4009 Sylla
1231 3941 1247 3992 d
1271 3939 1404 4006 republica

244 4012 275 4074 's
289 3997 442 4074 Brutorum]
460 3998 545 4065 flirjus
558 4001 703 4063 praesertim
714 4003 805 4052 memi·
828 4007 970 4070 submovit,
981 4025 1080 4078 eosque
1096 4009 1270 4077 petendorum
1282 4008 1405 4058 honorum
1490 4053 1491 4062 ,

225 4071 274 4121 ait,
284 4077 351 4138 quia
364 4071 530 4128 tyrannorum
548 4067 632 4117 hostis
643 4068 693 4118 luit
711 4070 805 4120 acerri-
824 4072 886 4138 jure
898 4076 1019 4137 privavit.

226 4143 294 4189 runs,
307 4145 407 4195 quique
420 4132 590 4194 Tarquinium
603 4135 749 4199 Superbum
761 4151 806 4186 ex·
861 4155 878 4190 n
891 4142 1083 4208 Periculosam]
1096 4143 1192 4194 Nullus
1205 4144 1241 4193 ita
1261 4157 1296 4193 ue
1308 4137 1404 4210 injuste

225 4195 303 4258 pulit,
314 4212 425 4262 ‘fitque
438 4194 521 4246 fillum
539 4197 615 4262 illm&
632 4202 752 4270 quasiad
768 4202 805 4254 in·
827 4205 985 4272 dominetur,
994 4210 1233 4278 quisepessimum
1274 4207 1405 4260 rimetuit.

226 4261 295 4312 ferus
307 4277 390 4330 usqne
401 4273 557 4328 persncutus
567 4273 617 4317 est.
658 4297 662 4303 -
1083 4305 1087 4312 .
1489 4283 1490 4296 ¹

689 3742 741 3787 wit
757 3753 806 3786 ma·
862 3737 1405 3805 kRoaiamweavlltinvtdtostloquitur.
1491 3752 1492 3804 χ
