3070 5034
417 309 619 378 BELLUM
643 307 1022 376 CATILINARIUM·
1264 319 1305 376 21

27 523 30 560 i
131 487 278 566 miseriis,
287 500 377 568 atque
388 481 707 570 periculisrequievit,
718 482 835 547 etmihi
847 483 1000 564 reliquam
1010 482 1306 568 aratematrepub-

27 575 29 582 ’
128 578 190 638 lica
204 576 309 658 procul
323 572 496 634 habendam
513 569 659 642 decrevi,
682 589 744 632 ooo
759 568 822 632 fuit
837 571 1012 644 consilium,
1035 571 1187 642 socordia,
1210 587 1305 654 atque

132 661 262 735 desidii,
284 659 400 722 bonum
417 656 516 724 otium
534 669 714 718 conterere:
738 675 839 736 neque
855 653 943 733 verb,
963 673 1076 736 agrum
1090 656 1232 733 colendo,
1254 669 1309 720 aut

132 747 284 820 venando,
306 741 503 812 asseruilibus
525 740 632 802 officiis
655 741 819 814 intentum,
840 756 962 802 aetatem
986 761 1102 822 agere;
1124 741 1181 804 sed
1203 738 1221 800 a
1243 764 1309 824 quo

133 833 267 913 incepto,
281 829 450 909 studioque
467 847 518 892 me
541 825 669 888 ambitio
684 825 767 887 mala
789 825 976 903 detinuerat,
999 826 1113 890 eddem
1136 847 1310 908 regressus,

27 985 28 990 γ
131 917 225 980 statui
240 938 293 978 res·
304 928 407 996 gestas
418 910 524 994 populi
535 909 669 974 Romani
685 911 827 993 carptim,
848 927 883 974 ut
903 933 1033 994 quaeque
1049 911 1199 976 memorii
1214 913 1311 993 digna

27 991 28 1004 ¹
129 1002 328 1076 videbantur,
340 998 554 1081 praescriberet
567 995 607 1060 ed
620 997 730 1076 magis,
743 993 830 1078 quiid
844 996 921 1060 mihi
932 995 949 1058 d
961 1019 1026 1082 spe,
1034 1015 1158 1074 metu,e
1171 997 1311 1081 partibus

129 1086 321 1168 reipublicae,
336 1083 456 1168 animus
464 1083 543 1144 liber
554 1097 630 1144 erat.
648 1082 749 1164 Igitur
762 1083 802 1144 de
820 1081 960 1146 Catilinae
975 1084 1198 1166 conjuratione,
1213 1079 1311 1165 quim

43 1179 47 1189 '
130 1168 298 1234 verissim&
316 1184 434 1251 potero,
455 1169 565 1251 paucis
579 1168 749 1230 absolvam.
795 1167 880 1228 Nam
896 1169 929 1230 id
945 1169 1064 1232 lacinus
1080 1170 1110 1232 in
1127 1170 1235 1252 primis
1251 1191 1312 1254 ego

118 1255 338 1319 memorabile
352 1251 511 1327 existimo,
534 1252 659 1314 sceleris
673 1266 766 1332 atque
780 1251 910 1334 periculi
925 1255 1073 1324 novitate,
1095 1255 1135 1316 de
1151 1255 1239 1336 cujus
1253 1256 1310 1326 ho·

128 1340 228 1405 minis
243 1339 382 1402 moribus
397 1357 495 1422 pauca
510 1335 601 1419 priris
615 1335 808 1418 explananda
822 1350 905 1415 sunt,
921 1333 1014 1420 quam
1028 1337 1152 1400 initium
1166 1341 1311 1404 narrandi

128 1423 258 1490 faciam.
498 1469 500 1476 ·

182 1513 224 1574 L.
242 1509 376 1573 Catilina
391 1505 512 1570 dnobili
530 1519 760 1588 generemus,
778 1505 839 1570 fuir
854 1509 966 1591 magni
981 1509 1013 1570 ri
1029 1522 1061 1571 et
1076 1508 1183 1584 animi,
1199 1523 1230 1572 et
1246 1529 1313 1574 cor·

127 1599 227 1680 poris,
243 1598 298 1658 sed
315 1594 438 1676 ingenio
452 1593 544 1670 malo,
559 1611 727 1674 pravoque.
746 1592 831 1656 Huic
847 1595 885 1656 ab
900 1595 1105 1658 adolescentia
1120 1596 1200 1658 bella
1216 1596 1312 1658 intes-

128 1683 207 1761 tina,
222 1683 332 1757 caedes,
348 1681 474 1767 rapinae,
486 1677 644 1742 discordia
657 1679 770 1756 civilis,
786 1693 875 1760 grata
888 1678 1002 1754 fuire3
1020 1683 1029 1718 ¹
1047 1681 1153 1762 ibique
1163 1682 1312 1763 juventu-

128 1784 196 1832 tem
212 1789 302 1832 suam
318 1765 476 1842 exercuit:
500 1780 634 1846 corpuse
650 1765 770 1854 patiens
789 1765 912 1842 inediae,
935 1765 1060 1850 algoris,
1075 1768 1204 1850 vigiliae,
1219 1789 1313 1850 supra

131 1849 229 1935 quiem
245 1855 392 1934 cuiquam
407 1849 556 1912 credibile
571 1863 638 1922 est;
665 1849 788 1912 animus
803 1851 918 1926 audax,
939 1853 1097 1928 sobdolus,
1118 1853 1236 1930 varius,
1259 1875 1313 1918 cu·

126 1938 261 2022 juslibet
277 1938 322 1998 rei
333 1935 349 1986 f
357 1935 521 1999 simulator
532 1955 567 1996 ac
583 1934 811 1997 dissimulator:
828 1935 1086 2018 alieniappetens,
1097 1938 1144 1999 sni
1157 1939 1315 2020 profusus,

130 2025 246 2091 ardens
262 2024 294 2083 in
315 2019 537 2104 cupiditatibus
551 2043 560 2092 ;
583 2015 659 2082 satis
675 2019 868 2102 chementias,
890 2022 1046 2104 sapientiae
1062 2043 1170 2104 parum
1185 2049 1193 2095 ς
1209 2041 1315 2088 vastus

27 2109 30 2124 '
131 2109 268 2182 animus,
300 2105 517 2184 immoderata,
548 2104 755 2176 incredibilia,
783 2104 878 2166 nimis
910 2107 972 2168 alta
1003 2127 1127 2190 semper
1159 2107 1311 2192 cupiebat.

132 2193 230 2256 Hunc
252 2207 323 2274 post
354 2190 599 2254 dominationem
622 2207 641 2257 a
663 2191 704 2254 L.
729 2189 832 2267 Sullae,
862 2190 972 2265 ludido
998 2195 1135 2256 maxima
1161 2197 1316 2257 invaserat

132 2279 312 2361 reipublicae
326 2279 339 2314 Β
351 2275 532 2359 capiundae:
549 2277 560 2313 ³
574 2297 687 2360 neque,
704 2277 737 2338 id
749 2278 861 2358 quibus
874 2277 976 2339 modis
989 2279 1222 2360 adsequeretur,
1235 2281 1314 2342 dum

133 2365 194 2428 sibi
209 2381 344 2446 regnum
358 2374 493 2446 pararet,
508 2362 682 2444 quidquam
697 2363 716 2414 h
730 2363 817 2444 pensi
833 2361 975 2426 habebat.
1000 2359 1190 2446 Agitabatur
1201 2362 1315 2450 magia,

575 2514 872 2565 ΙΝἹἙΒΡΒΕΤΑΤΙΟ,

176 2619 186 2652 ¹
212 2615 254 2678 Et
269 2614 408 2682 exercuit
419 2609 613 2698 jarrenttttem
628 2631 712 2676 suom
780 2613 791 2650 ³
804 2611 911 2698 Neque
923 2614 984 2678 allo
1000 2615 1082 2676 modo
1098 2615 1234 2690 curabat,
1248 2615 1316 2698 qui-

134 2702 166 2762 in
183 2702 244 2762 illas
260 2701 358 2764 rebus.
545 2727 547 2736 ’
737 2699 792 2762 bus
807 2700 903 2762 modis
922 2699 1002 2760 illud
1016 2713 1239 2784 consequeretur,
1254 2721 1316 2761 mo·

176 2788 189 2822 ²
213 2787 307 2847 Hunc
321 2777 421 2850 lubido
445 2785 579 2848 maxima
595 2786 713 2850 invase·
736 2781 774 2846 dt
794 2785 854 2848 sibi
874 2805 1020 2848 summum
1045 2787 1204 2869 inmerium
1218 2798 1316 2869 parc·

133 2885 185 2935 ror
196 2871 366 2958 reipublice
381 2869 564 2936 invadenda.
738 2883 797 2934 ret.

668 3023 791 3088 nora,⁴

166 3173 183 3207 a
198 3157 360 3220 crapulana
372 3145 479 3222 pirent]
502 3155 597 3220 Iden,
614 3157 713 3220 Absque
769 3151 925 3219 ePutienr]
951 3157 1053 3206 Nomen
1067 3162 1123 3206 est:
1142 3171 1200 3207 eum
1219 3156 1318 3224 signifi·

134 3229 196 3274 orani
207 3227 320 3274 bononem
331 3223 429 3274 ambitu.
738 3233 788 3283 cat,
800 3223 847 3290 qui
867 3229 958 3288 potest
969 3224 1083 3274 inediam
1101 3225 1221 3284 tolerare,
1239 3241 1319 3290 quon.

167 3292 183 3340 b
195 3291 349 3352 servilibus]
361 3290 488 3345 Quamvis
499 3290 532 3340 ea
545 3305 625 3341 causa
636 3293 717 3340 maxi·
737 3305 815 3356 quarn
825 3288 913 3354 reipsal
922 3305 972 3340 non
984 3291 1107 3355 patiatur.
1137 3292 1243 3354 Patiens
1253 3290 1317 3341 verb

133 3355 177 3410 md
195 3368 305 3410 vexatus
322 3357 374 3408 fuit
394 3357 545 3412 Sallustius,
562 3373 613 3406 non
630 3364 716 3406 tanten
739 3357 916 3424 participium,
924 3371 983 3408 cunt
995 3357 1152 3412 accusativo,
1166 3359 1211 3408 ille
1219 3367 1261 3407 est
1270 3357 1318 3423 qni

133 3419 198 3474 ided
215 3424 376 3474 credendum
399 3434 449 3484 est,
472 3437 533 3476 eum
554 3425 716 3478 venationem
739 3420 1085 3490 reverdpatitnr,quamvis
1100 3422 1167 3488 aegre
1181 3423 1283 3476 toleret.

133 3487 428 3554 inter'serviliaofficia,
442 3489 716 3555 quasieanonsitli-
770 3489 951 3552 fSimuluter]
985 3493 1011 3540 ls
1028 3488 1138 3548 dicitur,
1155 3489 1242 3554 quiid
1259 3503 1319 3542 esse

133 3557 197 3608 bero
208 3555 312 3606 homine
323 3553 413 3622 digna,
427 3570 472 3620 per
482 3564 663 3622 contemptum
675 3571 716 3605 re·
739 3555 865 3614 ostendit,
877 3555 950 3620 qnod
962 3563 1073 3615 nonest,
1087 3558 1249 3606 dissimulator·
1258 3573 1319 3609 con·

131 3624 247 3690 jecisse:
267 3620 392 3673 minime:
413 3629 456 3672 est
471 3623 542 3674 enirn
555 3621 618 3672 belli
636 3621 717 3690 quod·
741 3621 789 3680 tra,
801 3622 846 3688 qui
861 3622 888 3670 id
900 3637 951 3671 non
960 3623 1029 3682 esse,
1038 3621 1109 3686 quod
1119 3631 1167 3671 eat.

135 3692 195 3739 dam
210 3689 377 3754 tyrocinium,
393 3695 421 3738 et
434 3689 593 3740 exercitium
605 3691 682 3750 utile,
694 3689 716 3738 si
772 3691 831 3756 gn
842 3689 934 3751 sam]
945 3691 994 3738 Hic
1003 3689 1046 3738 ille
1055 3695 1100 3738 est
1109 3686 1173 3740 felix
1182 3692 1320 3742 elnotissi·

135 3756 194 3820 quis
208 3751 288 3820 modd
307 3751 394 3806 sobrie
414 3765 512 3806 utatur.
546 3759 717 3822 Persequitur
740 3771 797 3806 mus
811 3756 891 3820 Sylla,
903 3755 948 3820 qui
962 3756 1047 3804 Mario
1060 3769 1194 3820 oppresso,
1206 3759 1321 3807 dictatu-

135 3820 238 3872 auterd
259 3821 343 3886 primo
356 3821 503 3872 institutam
523 3821 716 3874 distinctionem
740 3837 793 3872 ram
805 3831 834 3872 et
843 3823 1117 3885 summumimperium
1130 3831 1230 3885 nactus,
1241 3825 1321 3889 patri-

136 3890 205 3940 inter
223 3905 264 3950 ea,
282 3899 342 3956 que
353 3890 450 3939 virtute
468 3897 496 3940 et
509 3889 621 3956 imperio
638 3890 717 3940 animi
740 3905 780 3938 cm
793 3903 899 3956 quoque
912 3895 940 3939 et
956 3888 1143 3952 rempublicam
1155 3907 1239 3956 usque
1253 3887 1320 3942 adesi

135 3965 268 4017 parantur,
278 3964 305 4004 et
317 3966 349 4003 ea·
363 3970 420 4020 quae
430 3955 456 4004 vl
469 3966 496 4006 et
508 3957 616 4007 servitio
626 3971 717 4020 corpo-
739 3957 860 4008 siml'ecit
869 3955 1017 4014 obnoxiam,
1027 3956 1143 4008 utinvito
1153 3957 1209 4017 illo,
1219 3973 1267 4008 nec
1277 3959 1321 4005 bo-

53 4047 55 4054 ν
135 4022 370 4088 risacquiruntnr;
384 4017 536 4088 tantbmque
549 4025 599 4074 sibi
611 4023 717 4088 illaplu-
740 4039 781 4082 na,
799 4039 847 4076 nec
863 4023 954 4081 vitam,
974 4023 1086 4074 retinere
1105 4024 1244 4090 quisquam
1262 4037 1322 4088 pos-

121 4088 224 4138 'cuisse
238 4086 324 4152 magis
337 4096 462 4138 testatur.
740 4102 787 4143 set,

171 4153 338 4217 chebbon]
356 4156 423 4206 Gall.
435 4159 521 4216 Porti,
533 4159 573 4208 An
596 4191 602 4204 .
611 4157 716 4221 faerno.
772 4153 901 4220 nferre]
914 4157 1166 4222 Peneomfitdpcndo,
1174 4155 1243 4217 quod
1253 4156 1322 4206 inter

148 4219 189 4297 '.‘¹
202 4221 308 4284 ΝΜ]
337 4222 466 4274 Patricius
478 4222 537 4283 fuit,
546 4175 673 4288 utdiquet
683 4239 717 4274 ex
740 4223 1039 4287 sliasignilicataean'mo,
1059 4242 1125 4284 cerro,
1144 4226 1244 4290 itaque,
1261 4227 1324 4278 arnt

137 4289 273 4347 Cicerone,
290 4299 316 4337 et
328 4289 399 4350 aliis,
409 4305 444 4340 ex
457 4291 551 4356 Sergia
567 4291 656 4342 fenita
668 4292 718 4342 ori-
737 4296 808 4356 patei
820 4293 917 4354 babere,
928 4301 969 4344 eat
980 4295 1043 4344 trinit
1052 4307 1148 4341 curere.

138 4353 233 4416 nudus,
247 4354 322 4422 cujus
335 4357 443 4410 ultimus
460 4357 521 4411 fuit.

305 4441 315 4478 t
