3034 5054
151 360 154 368 -
242 319 305 386 2'2'2
705 311 978 396 SALLUSTII'

283 493 382 558 Vites
394 491 568 577 significant
581 511 729 575 pugnam,
744 493 817 573 quia
832 513 888 576 ptr
902 488 1151 557 vicissitudinem
1162 495 1370 581 pugnabatur,
1384 513 1423 567 nt

240 581 342 664 inquit
357 579 530 644 Sallustius.
554 582 646 644 Idem.

285 665 380 728 Creta
395 664 501 728 medio
511 662 596 746 jacet
611 663 710 726 insula
719 677 825 747 ponto,
839 663 874 726 id
887 677 944 742 est,
957 664 1130 728 secundum
1143 665 1339 746 Sallustium,
1349 691 1420 754 pro·

240 748 508 817 culicontinenti.
531 751 624 812 Idem.

262 867 264 874 ⁴
284 833 394 900 Primo
409 836 611 898 monstreris
626 834 740 896 dicitur
755 856 870 897 norum
885 855 950 909 ver,
966 836 1104 898 secundo
1120 859 1174 900 ver
1190 830 1343 918 adultum,
1358 854 1419 904 ter·

240 922 287 986 tio
300 942 454 1006 praeceps:
475 921 555 984 sicut
574 921 668 984 etiam
684 920 845 984 Sallustius
861 920 938 984 dicit
952 921 1082 1004 ubique,
1093 943 1174 986 nova
1189 941 1290 1002 aestas,
1304 928 1420 1006 adulta,

238 1026 387 1092 praeceps.
409 1007 502 1068 Idan.
942 1085 943 1090 ἵ

283 1093 446 1158 Sallustius
461 1092 493 1154 in
505 1093 654 1156 Historiis
669 1092 774 1170 tradit,
789 1090 962 1154 Sertorium
973 1091 1092 1155 victum
1107 1094 1243 1158 voluisse
1256 1095 1366 1180 fugere
1377 1098 1421 1162 ad

238 1177 355 1242 insulas
369 1190 383 1218 ³
395 1172 590 1242 Fortunatas.
613 1178 726 1241 Aaron.

283 1265 405 1328 Insulas
417 1265 601 1328 Fortunatas
615 1263 777 1328 Sallustius
788 1263 917 1349 inclytas
928 1283 997 1326 esse
1011 1263 1055 1328 ait
1071 1263 1205 1340 Homeri
1219 1266 1419 1332 carminibus.

239 1359 325 1426 Stra.
384 1381 386 1386 ¹

282 1435 471 1501 Proximum
486 1435 630 1499 dicebant
644 1451 777 1514 veteres,
789 1456 852 1498 non
871 1434 974 1499 solum
990 1434 1159 1514 adhaerens,
1174 1452 1205 1499 et
1222 1437 1419 1522 adjunctum,

223 1522 353 1586 'verum
368 1523 463 1585 etiam
476 1519 570 1604 longi
587 1539 754 1599 remotum,
765 1521 793 1586 si
804 1536 908 1584 tamen
920 1524 1000 1584 inter
1011 1522 1075 1584 dno
1087 1523 1220 1588 discreta
1235 1521 1337 1586 '’nihil
1351 1545 1417 1596 rne-

183 1603 187 1622 '
237 1609 327 1670 dium
343 1609 521 1669 exstitisset.
550 1607 659 1688 Virga.
674 1613 746 1666 AEa.
762 1608 782 1667 l.
796 1628 825 1667 v.
1258 1632 1262 1644 ι

280 1693 447 1756 Proximus
461 1691 542 1765 huic,
556 1693 645 1774 longo
658 1692 880 1774 sedpraximus
894 1692 1066 1769 interualla,

280 1778 458 1862 Insequitur
474 1777 620 1838 Solius...
721 1849 724 1856 Ι

281 1863 332 1928 Ita
346 1878 378 1926 et
393 1862 556 1926 Sallustius
572 1862 604 1924 in
618 1861 680 1925 situ
693 1862 796 1942 Ponti,
810 1863 849 1927 de
865 1864 1086 1950 promontoriis
1099 1873 1113 1904 ⁰
1125 1861 1375 1949 Paphlagonum,
1387 1879 1419 1938 et

236 1949 324 2041 quod
337 1947 354 1987 d
365 1973 421 2035 agn
439 1981 552 2027 pisano
569 1949 744 2031 appellavit,
759 1951 873 2031 posuit.
896 1952 1027 2016 Nouius.

280 2035 496 2116 Interrogasti,
511 2033 539 2096 si
555 2045 647 2109 tenes,
662 2033 806 2096 Maeotici.

280 2123 365 2183 Situs
379 2121 448 2204 quis
461 2129 538 2182 asset
552 2121 692 2202 aequoris.
739 2121 913 2182 Sallustium

278 2207 396 2269 Noram
409 2205 536 2279 dedisse,
549 2204 630 2266 dicta
645 2217 674 2267 at
688 2205 753 2287 ε’]ἰιε
768 2208 902 2269 omnibus

279 2290 492 2374 Prajudicata
508 2291 700 2353 auctoritatis
715 2291 830 2366 ducier,

278 2379 351 2439 Noa
365 2377 537 2438 abnuebam.
582 2377 694 2439 Festus
711 2375 867 2440 Avienus.

279 2464 396 2526 Portus
410 2462 447 2523 ab
463 2461 525 2524 Eoo
531 2461 635 2548 fluctu
649 2474 793 2523 curvatus
807 2464 841 2524 iu
856 2483 970 2525 arcum.
1147 2535 1149 2540 ,

280 2549 320 2610 In
339 2550 429 2611 archs
446 2547 694 2610 similitudinem.
709 2611 711 2618 ,
738 2547 790 2608 Sic
807 2549 847 2609 de
869 2549 969 2610 Ponto
988 2545 1162 2623 Sallustius,
1179 2551 1262 2613 unde
1278 2547 1329 2609 hle
1344 2543 1416 2614 tulit

235 2635 372 2700 colorem
384 2655 455 2696 nam
472 2633 606 2714 speciem
620 2633 711 2695 efficit
722 2631 858 2714 Scythici
873 2637 974 2696 arctis.
1000 2642 1083 2696 Sero.
1100 2635 1143 2696 od
1153 2633 1199 2696 iii.
1216 2636 1371 2698 AEaeidos.

278 2721 439 2782 ....I¹'retra
453 2719 515 2779 lata
530 2719 671 2780 reluceat.

279 2805 360 2866 Lata
379 2818 482 2865 autem
502 2803 588 2876 idco,
603 2805 677 2886 quia
696 2825 728 2866 se
745 2803 893 2887 augustias
909 2802 1029 2870 Pontici
1046 2802 1111 2866 oris
1130 2801 1193 2865 illic
1211 2803 1350 2882 dilatant,
1366 2804 1416 2868 nti

235 2887 496 2955 tlicitSallastius.
522 2907 603 2955 sera.

278 2975 360 3036 Teia
380 2990 484 3036 autem
506 2975 590 3036 dicta
606 2990 653 3038 est
672 2973 689 3043 i
705 2971 788 3037 Teio
807 2973 1014 3040 Anacreontis
1032 2974 1138 3037 Poatae
1160 2973 1269 3056 Lyrici
1286 2974 1416 3058 oppido,

234 3063 321 3144 quod
332 3063 363 3123 in
378 3059 587 3142 Paphlagonia
602 3083 669 3122 esse
683 3061 845 3124 Sallustius
862 3061 988 3138 indicat,
1003 3059 1077 3124 ciam
1093 3061 1133 3122 de
1145 3061 1207 3123 situ
1221 3061 1354 3123 Pontico
1368 3061 1414 3122 lo—

234 3146 351 3228 quitur.
376 3147 536 3208 Continent.
554 3148 586 3207 ia
604 3149 717 3207 Horat.

278 3230 377 3293 Porro
394 3232 556 3292 Sallustius
568 3247 675 3292 auctor
690 3230 881 3294 certissimus
894 3231 1014 3308 asserit,
1025 3243 1089 3294 tam
1100 3229 1326 3314 Tigris,quim
1342 3229 1412 3294 Eu-

207 3335 209 3342 ’
233 3315 350 3415 phratis
366 3318 397 3378 in
411 3316 561 3377 Armenii
577 3315 676 3392 fontes
692 3318 907 3380 demonstrari.
932 3319 1051 3381 Hieron
1066 3317 1101 3378 de
1115 3319 1188 3380 locis
1205 3315 1283 3380 Heb.

277 3401 363 3480 Citm
374 3401 463 3464 multi
478 3401 632 3466 evaserint
643 3402 816 3488 Trojanum
832 3403 1037 3487 epericulum,
1051 3401 1097 3472 uti
1110 3402 1227 3488 Capys,
1245 3402 1300 3490 qui
1316 3401 1412 3472 Cam·

759 3727 879 3814 NOTJS‘
919 3679 920 3684 ¹

261 4049 277 4082 a
289 4030 458 4092 Fortunatas]
468 4030 534 4078 Sunt
545 4028 595 4078 illae
606 4029 631 4078 in
641 4027 705 4078 mari
716 4029 805 4080 Atlan·
860 4029 879 4078 d
897 4026 978 4096 ngat]
1002 4029 1097 4081 Arietis
1114 4033 1176 4082 hauc
1193 4039 1279 4097 rupem
1297 4033 1416 4087 almadan-

228 4099 288 4150 tioo.
323 4097 417 4152 Hodie,
430 4097 478 4144 Les
495 4098 620 4146 Cauaries.
652 4100 683 4136 ν’
828 4107 873 4147 tem
883 4095 1097 4160 oesticcsrantcm.
1206 4105 1208 4111 '

239 4231 245 4244 Ι
261 4166 365 4216 blunt
375 4161 501 4224 medium]
515 4164 631 4228 Ejusdem
643 4173 746 4222 natura,
756 4163 805 4212 sci·
862 4166 913 4240 ΙΡεε
929 4167 1013 4213 merita
1034 4165 1106 4234 Gradi
1122 4181 1174 4232 agra
1193 4167 1282 4219 dicire
1297 4175 1414 4225 aarum

225 4233 505 4362 llecel'll'apllagconum.]
538 4296 713 4362 Paphlagonia
737 4298 805 4346 Asiae
828 4232 1053 4360 Prpsppp'rnrfflumu]
1066 4297 1175 4352 Quando
1188 4294 1417 4366 Trojathaec'ts

226 4364 335 4416 minoris
347 4366 422 4432 regio
433 4365 466 4416 ad
478 4370 587 4430 pontum
599 4363 738 4414 Euxinum.
815 4379 918 4438 'eversa
930 4373 979 4414 est.
