3034 5060
219 309 282 374 tro
316 362 324 385 ,
570 364 582 384 „
683 299 934 368 SALLUSTII

218 479 261 542 ibi
279 470 322 552 Q.
336 477 485 541 Metellus
500 473 636 558 prodam
652 476 853 558 captivosque
868 490 900 538 et
912 475 1135 558 impedimenta
1148 475 1316 542 locaverat.
1351 479 1403 546 Ita

218 565 373 648 Jugurtha
388 579 483 637 ratus,
500 577 563 636 aut,
575 563 661 644 capti
676 564 761 640 urbe,
776 572 899 646 ²operae
914 562 1048 643 pretIum
1064 561 1149 635 fore3
1173 579 1228 627 aut
1243 565 1268 626 si
1286 565 1404 630 Roma·

217 673 276 715 nus
297 650 413 712 auxilio
436 649 505 710 suis
517 649 662 722 venisset,
677 648 782 725 proelio
798 671 865 710 sese
882 661 1064 712 certaturos.
1109 648 1197 712 Nam
1218 650 1350 714 callidus
1369 654 1404 716 itl
1427 726 1432 740 ι
1506 659 1507 682 ¹

217 735 315 798 modo
336 735 510 809 festinabat,
534 733 650 794 Bocchi
673 731 800 816 bpacem
823 734 1027 805 imminuere;
1050 755 1099 807 ne,
1120 755 1224 798 motas
1243 735 1404 817 agitando,

217 825 302 886 aliud
315 819 408 902 quitm
421 820 546 894 bellum,
559 819 674 880 mallet.
710 817 885 898 Imperator
897 835 1061 900 postquam
1079 821 1118 881 de
1130 840 1238 901 regem
1252 822 1402 887 societate

217 907 374 992 cognovit,
386 928 446 968 non
458 899 589 980 temere,
601 925 714 985 neque,
726 901 772 966 uti
785 903 878 987 saepe,
885 906 950 988 jam
962 906 1044 967 victo
1054 905 1220 987 Jugurthi,
1231 927 1404 972 consueve-

216 1009 276 1069 rat,
291 994 435 1054 omnibus
449 991 525 1054 locis
541 989 698 1072 pugnandi
714 990 835 1071 copiam
852 989 945 1052 facit:
968 1005 1118 1052 oaeternm
1133 991 1218 1053 haud
1238 994 1403 1076 proculab

134 1067 150 1132 .'
218 1083 304 1144 Cirta
327 1078 434 1140 castris
457 1075 595 1151 munitis,
617 1097 706 1158 reges
726 1078 904 1158 opperitur:
929 1074 1043 1140 melius
1064 1097 1133 1138 esse
1154 1094 1248 1154 ratus,
1265 1079 1403 1161 cognitis

217 1165 355 1239 Mauris,
371 1160 518 1244 quoniam
540 1160 567 1224 is
588 1182 687 1225 novus
705 1159 802 1222 hostis
825 1177 1006 1238 accesserat,
1019 1183 1060 1224 ex
1074 1165 1244 1225 commodo
1261 1182 1403 1248 pugnam

216 1253 330 1315 facere.
366 1249 495 1310 Interim
514 1245 615 1306 Rome
632 1267 686 1328 per
700 1246 804 1306 literas
817 1247 851 1308 fit
862 1247 986 1320 certior,
1000 1247 1108 1310 Mario
1123 1248 1315 1330 provinciam
1328 1249 1403 1312 Nu·

216 1338 346 1400 midiam
359 1337 475 1402 datam.
511 1332 596 1400 Nam
613 1332 771 1394 consulem
784 1331 902 1394 factum
915 1329 985 1393 ante
1001 1350 1171 1415 acceperat.
1210 1333 1336 1407 Quibus
1351 1357 1402 1396 re·

216 1425 275 1486 bus
287 1443 379 1506 supra
396 1421 510 1481 bonum
528 1433 620 1498 atque
637 1417 802 1480 honestum
817 1420 989 1500 perculsus,
1000 1439 1101 1499 neque
1117 1420 1270 1501 lacrymas
1283 1435 1402 1497 tenere,

214 1529 317 1590 neque
331 1501 487 1569 moderari
503 1503 653 1584 linguam,
666 1503 714 1563 vir
726 1505 870 1585 egregius
883 1505 913 1564 in
927 1505 995 1566 aliis
1011 1505 1139 1580 artibus,
1155 1506 1247 1567 nimis
1264 1506 1404 1568 molliter

214 1592 431 1675 aegritudinem
448 1590 520 1670 pati.
559 1587 663 1660 Quam
679 1607 746 1648 rem
763 1589 814 1649 alii
829 1590 859 1650 in
874 1590 1070 1673 csuperbiam
1083 1591 1258 1652 vertebant:
1274 1591 1326 1652 alii
1344 1593 1402 1652 bo·

213 1699 290 1742 num
303 1676 461 1757 ingenium
475 1672 661 1735 contumelia
673 1693 837 1736 accensum
849 1697 932 1736 esse:
953 1676 1053 1753 multi,
1063 1674 1146 1758 quod
1154 1675 1220 1760 jam
1232 1692 1320 1758 parta
1333 1677 1403 1739 vic·

213 1765 294 1828 toria
307 1783 347 1824 ex
355 1759 497 1822 manibus
508 1759 694 1840 eriperetur:
710 1759 799 1820 nobis
808 1755 884 1822 satis
894 1761 1065 1843 cognitum,
1076 1761 1162 1824 illum
1173 1762 1271 1842 magis
1279 1762 1403 1824 honore.

214 1849 328 1922 Marii,
337 1843 431 1926 quam
443 1843 555 1927 injuria
569 1846 635 1919 sui,
644 1844 855 1908 excruciatum
868 1871 876 1919 ;
892 1867 992 1929 neque
1002 1863 1065 1908 tam
1076 1844 1168 1908 anxie
1177 1847 1313 1910 laturum
1323 1847 1402 1911 luis·

213 1959 260 2009 se,
269 1933 296 1998 si
308 1932 456 2014 adempti
469 1929 627 2012 provincial
640 1929 704 2007 alii,
715 1925 809 2011 quim
827 1931 946 2003 Mario,
962 1935 1147 1995 traderetur.
1171 1933 1276 2014 Igitur
1289 1955 1328 1996 eo
1343 1933 1400 1996 do-

210 2025 278 2086 lore
293 2017 474 2100 impeditus,
484 2031 516 2078 et
527 2016 601 2096 quia
611 2015 748 2078 stultitiae
760 2017 923 2080 videbatur
937 2016 1088 2080 dalienam
1105 2039 1173 2080 rem
1188 2020 1325 2100 periculo
1338 2040 1400 2082 suo

212 2127 334 2181 curare,
350 2105 468 2184 legatos
484 2102 524 2163 ad
541 2101 702 2163 Bocchum
717 2103 825 2180 mittit,
840 2104 1040 2185 postulatum,
1054 2125 1093 2166 ne
1113 2105 1180 2166 sine
1196 2107 1285 2167 causi
1298 2105 1401 2167 hostis

211 2192 318 2278 populi
335 2189 429 2250 Rom.
447 2187 553 2249 fieret:
576 2185 690 2250 habere
710 2207 784 2252 eum
803 2210 949 2271 magnam
964 2191 1086 2273 copiam
1106 2192 1274 2267 societatis,
1289 2191 1399 2254 amici·

211 2282 325 2359 tiaeqoe
340 2273 574 2356 conjungendae,
587 2291 656 2356 quae
676 2276 778 2356 potior
793 2275 873 2338 bello
888 2290 987 2338 esset:
1011 2297 1190 2358 quanquam
1205 2279 1316 2359 opibus
1332 2277 1402 2339 suis

213 2363 394 2436 confideret,
418 2375 523 2421 tamen
552 2379 613 2422 nou
641 2361 766 2434 debere¹
783 2362 901 2423 incerta
930 2383 987 2445 pro
1016 2361 1109 2423 certis
1124 2377 1276 2425 ‘mutaret
1304 2380 1399 2424 omne

211 2449 329 2512 bellum
351 2445 433 2510 sumi
455 2441 559 2522 facile,
578 2445 727 2510 caeterum
749 2445 912 2548 aegerrimp
933 2446 1094 2512 desinere:
1118 2468 1182 2510 non
1203 2449 1235 2511 in
1254 2449 1399 2534 ejusdem

211 2545 364 2620 potestate
386 2529 510 2594 initium
535 2530 615 2616 ejus,
628 2545 661 2594 et
676 2533 874 2596 finemesse:
900 2535 1034 2618 incipere
1054 2535 1155 2597 cuiuis
1172 2535 1267 2597 etiam
1284 2537 1399 2620 ignavo

210 2626 325 2686 licere:
343 2619 468 2700 deponi,
479 2616 554 2678 ctlm
572 2618 706 2680 victores
719 2619 832 2681 velint:
848 2619 979 2702 proinde
994 2618 1064 2698 sibi,
1074 2639 1234 2704 regnoque
1250 2643 1309 2684 suo
1323 2642 1398 2684 con-

211 2709 343 2771 suleret:
359 2720 420 2766 neu
431 2703 575 2766 florentes
586 2725 636 2766 res
647 2725 720 2766 suas
735 2725 806 2767 cum
818 2705 981 2789 Jugurthae
992 2707 1123 2790 perditis
1138 2709 1314 2770 ‘misceret
1337 2707 1396 2770 Ad

212 2811 321 2854 carex
343 2785 420 2850 satis
438 2786 560 2870 placide
578 2792 671 2852 verbs
685 2788 778 2854 facit:
801 2813 870 2854 sese
890 2813 999 2876 pacem
1021 2813 1146 2876 cupere,
1159 2794 1217 2856 sed
1232 2792 1395 2876 Jugurthae

211 2877 405 2940 fortunarum
421 2875 580 2937 misereri:
603 2875 631 2937 si
645 2877 757 2940 eadem
772 2878 817 2940 illi
836 2873 944 2962 fcopia
960 2879 1058 2956 lieret,
1072 2883 1178 2940 omnia
1192 2894 1395 2942 conventura.

135 2981 138 2990 ¹
212 2964 334 3038 Rursus
349 2961 528 3043 imperator,
544 2976 649 3024 contra
665 2963 816 3045 postulata
829 2965 958 3042 Bocchi,
972 2966 1101 3028 nuncios
1116 2965 1220 3028 mittit.
1247 2966 1306 3028 Ille
1321 2987 1393 3050 pro-

209 3054 283 3112 bare
298 3048 422 3132 partim,
437 3047 497 3108 alia
518 3047 662 3110 abnuere.
708 3045 759 3112 Eo
781 3051 887 3128 modo,
902 3071 985 3133 saepe
1007 3053 1045 3114 ab
1068 3067 1200 3134 utroque
1222 3051 1326 3115 missis
1345 3073 1394 3114 re·

209 3134 377 3214 missisque
392 3131 525 3210 nunciis,
540 3146 662 3216 tempus
684 3136 865 3217 procedere,
881 3151 913 3198 et
933 3143 949 3185 ⁸
958 3157 998 3200 ex
1014 3137 1139 3200 Metelli
1155 3137 1313 3200 voluntate
1327 3137 1393 3200 bel·

209 3217 531 3298 lumiutactumtrahi.
548 3215 794 3296 AtMarius‚uti
804 3217 1290 3308 supridutimus,cupientissimi
1300 3225 1393 3308 plebe

606 3327 608 3356 Λ
689 3317 693 3324 .

740 3440 855 3492 NOTAE.

239 3619 256 3654 a
270 3601 493 3671 operaepretium]
514 3601 579 3655 Gall.
601 3603 656 3666 ere
669 3622 697 3655 ce
715 3610 787 3657 seroie
840 3607 1013 3672 consceres]
1034 3609 1102 3661 Vide
1119 3625 1152 3660 an
1164 3625 1215 3660 non
1227 3609 1260 3661 ab
1271 3610 1331 3662 istis
1342 3611 1397 3663 lio·

207 3689 241 3722 rm
258 3682 317 3736 erup
333 3675 550 3736 d'importanee,et
567 3677 656 3736 quien
671 3675 787 3723 vaudroit
808 3676 891 3726 manis
915 3677 1083 3744 prudentiam
1102 3679 1176 3730 nullo
1201 3687 1246 3730 tuo
1270 3679 1396 3743 periculo

205 3743 262 3790 dien
273 3741 297 3786 la
306 3743 384 3803 peine.
806 3758 923 3808 quaerere
934 3743 1027 3808 possis.

240 3805 258 3854 b
269 3805 381 3866 Pacem]
400 3805 430 3855 Id
441 3812 491 3866 est,
503 3799 535 3856 In
547 3821 599 3856 eum
612 3807 687 3854 lucrm
698 3818 723 3856 et
737 3817 793 3862 etas
840 3808 855 3859 f
865 3810 960 3877 Capio]
981 3810 1014 3861 Id
1025 3820 1075 3873 est,
1091 3814 1120 3864 tt·
1129 3812 1214 3880 sedus
1226 3831 1280 3864 crem
1290 3813 1399 3877 Iugur·-

205 3885 257 3924 rum
276 3873 400 3922 Bocchum
417 3877 547 3933 adducere,
567 3885 596 3922 ret
615 3864 716 3937 amplirle
738 3891 786 3924 non
808 3879 851 3927 rto
865 3894 959 3942 quoqne
969 3883 1115 3930 sanciretur.
1150 3879 1231 3932 Paulo
1248 3880 1397 3932 obscurius

178 3947 186 3970 ¹
201 3949 284 4006 posset
299 3943 329 3989 de
343 3947 407 4004 pace
426 3956 479 3989 cum
492 3942 733 3994 remaneremus
750 3959 787 3993 co·
806 3947 954 4008 expressit:
967 3945 1016 3996 sed
1025 3955 1118 3999 auctor
1126 3955 1215 3998 noster
1224 3963 1281 4014 quae
1291 3947 1401 4001 leviora

200 4013 295 4073 girone.
807 4019 870 4062 sunt
882 4013 996 4078 expedit,
1005 4027 1031 4064 et
1045 4015 1078 4064 ad
1087 4025 1208 4066 eventum
1220 4013 1340 4066 festinat

147 4113 150 4123 .
237 4072 429 4149 cSuperltiom]
442 4076 505 4122 Eam
517 4071 785 4136 fuisseexfutilibus,
840 4079 915 4145 gErt
932 4081 1049 4146 Metelli]
1069 4081 1140 4133 Illud
1158 4082 1291 4148 estquod
1308 4081 1398 4147 supr-dt

203 4156 272 4206 quos
293 4141 368 4191 addit
392 4141 504 4190 aliorum
527 4140 700 4208 conjecturis,
719 4141 784 4194 satis
807 4145 884 4206 dixit,
897 4146 1018 4200 stultitiae
1029 4149 1115 4202 videri
1132 4165 1188 4204 rent
1197 4151 1310 4202 alienam
1322 4151 1398 4217 pori-

202 4215 285 4272 pttet.
806 4212 1037 4268 culosuoourare,

238 4275 256 4322 d
268 4270 401 4336 Alienum]
426 4271 553 4336 Gloriam,
566 4273 679 4334 scilicet,
691 4281 720 4328 et
736 4277 782 4327 tri-

188 4341 330 4405 ,umphum
342 4340 429 4391 Marii.
