3070 5034
436 261 636 338 BELLUM
659 261 1036 334 cartttttAtttum.
1282 279 1322 334 23

154 435 431 526 tioconaervattdm
440 438 605 516 libertatis,
616 455 710 522 atque
720 441 871 524 augendae
881 439 1057 526 reipublicae
1066 459 1156 508 cauea
1165 437 1276 514 iuerat,
1289 439 1322 508 iu

154 527 342 611 superbiam,
362 546 378 580 s
400 527 705 610 dominationemque
725 527 893 599 convertit3
915 526 1080 588 immutato
1103 547 1199 604 more,
1221 547 1322 590 annua

155 613 297 696 imperia,
311 613 399 675 binos
415 615 616 696 imperatores
624 613 684 674 sibi
695 611 810 676 fecere.
829 611 878 672 Eo
891 612 983 674 modo
992 608 1122 674 minime
1136 633 1223 694 posse
1233 625 1321 694 puta·

154 699 230 768 baut
244 719 299 782 per
312 698 468 774 licentiam
492 699 676 760 insolescere
691 698 829 760 animum
852 697 1033 760 humanum.
1063 695 1127 764 Sed
1143 701 1177 758 ei
1189 711 1321 780 tempes-

154 796 217 848 tate
230 785 350 862 coepere
366 785 542 866 aequisque
557 779 669 864 magis,
684 777 848 864 magisque
859 784 1018 856 extollere,
1030 782 1251 866 ingeniumque
1265 781 1322 844 bin

151 885 298 952 promptu
314 869 446 940 haberer
460 889 530 930 nam
543 883 557 918 ⁰
568 870 693 952 regibus
703 868 788 944 boni,
802 865 896 948 quim
913 868 996 938 maii,
1010 867 1215 950 suspectiores
1231 883 1320 930 aunt:

150 973 337 1036 semperque
349 954 400 1019 his
414 953 513 1029 aliena
524 955 621 1016 virtus
633 951 835 1030 formidolosa
847 971 906 1016 est.
929 951 992 1014 Sed
1007 954 1126 1028 civitas,
1141 953 1322 1018 incredibile

149 1056 328 1104 memoratu
340 1053 399 1115 est,
413 1039 522 1121 adepti
534 1040 686 1113 libertate,
698 1035 849 1120 quantum
859 1039 945 1100 breri
957 1039 1099 1112 creverit,
1112 1054 1195 1102 tauta
1206 1040 1323 1122 cupido

149 1125 257 1206 gloriae
271 1124 448 1186 incesserat.
484 1124 694 1206 Jamprimum
703 1124 863 1207 juventus,
872 1123 964 1187 simul
976 1125 1090 1186 laboris
1102 1146 1136 1187 ac
1151 1125 1251 1186 dbelir
1268 1143 1322 1208 pa·

148 1209 230 1274 tiens
247 1223 324 1280 etat,
340 1209 372 1273 iu
389 1209 497 1280 caetris
508 1231 567 1273 usu
581 1209 724 1270 militiam
740 1209 896 1270 discebat:
913 1204 1075 1290 magisque
1089 1210 1120 1270 in
1135 1210 1257 1272 decoris
1273 1230 1322 1272 ar·

146 1294 223 1370 mis,
239 1309 271 1354 et
286 1293 471 1374 militaribus
487 1293 588 1374 equis,
605 1287 699 1372 quim
715 1294 747 1354 in
762 1293 871 1352 sconis
886 1307 979 1372 atque
996 1293 1157 1368 conviviis,
1177 1323 1192 1356 e
1208 1295 1322 1358 lubidi-

145 1399 223 1441 nem
233 1377 395 1440 habebant.
413 1375 516 1460 Igitur
526 1377 638 1439 talibus
648 1375 793 1440 virisnon
805 1378 891 1438 labor
902 1375 1055 1448 insolitus,
1070 1399 1130 1438 non
1145 1379 1230 1439 locus
1241 1385 1322 1444 ullus

148 1483 253 1546 asper,
262 1469 315 1537 a'ut
325 1462 441 1527 arduus
451 1477 527 1538 erat,
537 1483 599 1526 nou
612 1476 749 1525 armatus
761 1461 859 1524 hostis
869 1459 1092 1528 formidolosus
1104 1485 1111 1522 ε
1123 1463 1245 1530 seirius
1256 1484 1323 1526 om-

146 1549 201 1612 nia
217 1549 392 1610 domuerat.
409 1545 471 1610 Sed
482 1547 586 1632 gloriae
598 1547 772 1610 maximum
784 1551 939 1610 certamen
950 1547 1030 1610 inter
1042 1548 1124 1630 ipsos
1137 1562 1221 1610 erat:
1238 1549 1323 1630 quis·

148 1653 211 1715 que
224 1633 345 1704 hostem
356 1651 376 1702 g
387 1626 493 1711 tertre,
506 1629 631 1696 murum
644 1635 822 1710 ascendere,
832 1631 979 1714 conspici,
990 1633 1066 1694 dum
1077 1635 1135 1695 tale
1148 1633 1266 1696 lacinus
1277 1633 1322 1698 sa·

149 1733 246 1793 seret,
256 1718 438 1802 properabat
448 1740 456 1778 t
468 1719 487 1768 h
498 1739 550 1784 eas
559 1718 696 1791 divitias,
707 1739 777 1780 eam
786 1719 897 1780 bonam
910 1718 1037 1795 samam,
1050 1739 1254 1802 magnamque
1267 1741 1321 1784 no·
1369 1717 1374 1733 '

147 1803 301 1866 bilitatem
311 1804 467 1884 putabant.
479 1803 602 1866 Laudis
612 1803 709 1877 avidi,
718 1805 857 1885 pecuniae
869 1803 1008 1864 liberales
1018 1821 1121 1877 ereum
1135 1806 1263 1885 gloriam
1275 1807 1320 1868 in·

147 1886 438 1969 gentem,divitias¹
448 1889 603 1960 honestas,
615 1888 768 1950 volebant.
784 1887 963 1950 Memorare
973 1909 1107 1976 possem,
1115 1889 1227 1972 quibua
1235 1891 1264 1952 in
1276 1893 1320 1954 io·

146 1971 194 2036 cia
209 1973 362 2040 maximas
374 1973 512 2037 hostium
522 1972 626 2056 copias
638 1973 770 2057 populus
783 1971 944 2036 Romanus
953 1972 962 2026 ἱ
972 1973 1066 2055 parri
1080 1995 1171 2034 manu
1185 1973 1299 2038 fuderit
1311 2003 1320 2048 ς

147 2077 225 2138 quas
239 2059 330 2131 urbes
342 2061 448 2120 naturai
461 2061 597 2122 munitas
630 2059 777 2139 ugnando
788 2057 923 2140 ceperim
934 2058 964 2118 ni
975 2079 1011 2119 ea
1021 2079 1070 2119 res
1081 2057 1206 2140 iungitis
1216 2082 1270 2122 nus
1282 2065 1320 2122 ab

147 2141 270 2226 incepto
280 2143 426 2209 traheret.
442 2143 530 2208 trSed
543 2079 683 2230 prodictu
696 2143 818 2208 fouuua
828 2139 955 2208 inomni
966 2163 999 2204 re
1011 2143 1199 2208 dominatur.
1214 2145 1262 2209 Ea
1270 2168 1320 2210 res

584 2295 879 2347 tursuruara'rto,

484 2431 496 2466 ¹
516 2429 655 2494 Volebam
667 2429 795 2492 divitiae
811 2426 981 2494 meciioerer.

677 2583 791 2659 rora.

177 2707 192 2745 a
204 2688 423 2758 Damnationem]
453 2695 505 2746 llic
524 2708 572 2760 pro
592 2691 721 2760 masmae
745 2709 792 2760 per
803 2689 965 2756 infinitivum,
973 2707 1022 2760 pro
1034 2692 1175 2748 indicativo
1185 2717 1191 2747 =
1203 2704 1265 2750 sant
1276 2713 1321 2750 aa·

143 2761 231 2824 posita
246 2775 290 2812 est
308 2763 443 2822 domnam
461 2777 540 2828 qutun
560 2765 721 2828 Tarquinius·
757 2771 807 2820 em,
820 2763 894 2812 valde
905 2760 1084 2828 significantes
1096 2772 1124 2814 et
1134 2767 1276 2832 elegantes.

144 2827 209 2878 adad
227 2829 326 2879 invest
345 2830 553 2890 immoderatam,
570 2841 608 2890 ut,
625 2836 657 2880 eo
675 2827 720 2878 de·
777 2829 861 2878 hEas
872 2829 991 2892 divitiae]
1012 2825 1100 2894 Vuigci
1112 2831 1269 2893 diceremus,
1288 2832 1319 2884 In

74 2943 75 2956 ,
140 2893 223 2958 jecto,
244 2895 295 2944 sibi
307 2895 385 2959 *binos
398 2897 579 2962 imperatores,
599 2897 720 2946 eonsules
745 2911 770 2946 eo
778 2898 873 2960 paritas
889 2899 1097 2963 praedivinantes
1108 2915 1135 2947 eo
1147 2904 1252 2962 positam
1268 2917 1320 2948 ease

143 2961 256 3020 Scilicet,
270 2963 377 3012 Romani
389 2961 545 3028 delegerint.
704 2977 707 2982 ·
746 2966 829 3010 bariona
835 2962 937 3026 stantum,
948 2963 997 3012 trs.
1012 2967 1141 3026 putabunt.

175 3027 193 3075 b
205 3028 376 3092 inpromptu]
396 3027 489 3090 idest,
501 3029 560 3080 Nm
572 3033 628 3092 jum
638 3029 674 3078 ilii
685 3029 721 3078 ta'·
777 3028 787 3077 i
799 3031 888 3079 Puwd
900 3027 993 3092 mum]
1003 3029 1223 3092 Frustrisunt,ni
1232 3029 1319 3089 failor,

142 3109 183 3142 ree
198 3096 466 3156 iugeniisccultabcnt,
478 3111 509 3146 nc
521 3105 623 3159 Musas
632 3093 720 3160 pirent
744 3110 778 3159 qu
785 3115 802 3154 r,
820 3111 847 3144 ut
861 3095 1035 3148 &islanorum
1049 3097 1157 3160 gloriam
1176 3097 1319 3148 militarem

141 3159 305 3221 frunimium
328 3167 387 3223 pain
405 3158 499 3224 contrd,
519 3167 634 3212 virtutem
652 3177 720 3210 mum
746 3175 864 3227 inagnum
883 3161 967 3212 fuisse
983 3161 1101 3227 probent,
1117 3163 1171 3214 hue,
1190 3165 1272 3214 muita
1284 3178 1319 3214 ex

142 3231 243 3290 pirisque
254 3227 328 3288 purim
339 3230 444 3280 maximi
460 3237 625 3294 expromptum
636 3239 661 3278 et
670 3243 721 3284 mua
745 3229 852 3280 historia
865 3229 940 3280 nobis
948 3229 1103 3295 pervulgata
1112 3244 1255 3294 congerunt
1266 3253 1271 3286 ;
1283 3245 1320 3279 rn-

142 3293 255 3356 m'scetom
267 3296 377 3346 iubebat.
743 3293 829 3344 tendit
846 3293 914 3346 enim
928 3303 1004 3346 sartor
1015 3299 1142 3363 malorem
1155 3295 1237 3348 fuisse
1250 3312 1318 3358 eum,

174 3360 335 3424 allegitur]
363 3359 564 3418 Maiiessilicet,
576 3360 608 3410 de
621 3359 717 3426 quibus
743 3377 821 3428 quarn
834 3363 941 3428 scriptis
954 3363 1086 3416 celebrata
1097 3365 1184 3413 fuerit.

34 3425 36 3450 l
139 3436 210 3476 nunc
230 3429 332 3490 agilum
353 3429 404 3480 nisi
421 3425 490 3478 sorte
511 3441 602 3478 omnes
620 3429 716 3492 pariter
775 3425 878 3492 kSed]
908 3429 1148 3487 Adreraativaest;
1166 3441 1243 3478 exeo
1256 3426 1319 3480 verti

139 3507 192 3542 uno
205 3501 234 3541 et
244 3493 336 3543 eodem
349 3495 411 3546 odio
422 3495 572 3556 Sallustius,
589 3496 717 3560 populari·
741 3492 923 3546 difficultatem
938 3496 1016 3561 parit,
1026 3495 1097 3561 quiid
1111 3495 1243 3544 sentcntiae
1255 3495 1319 3546 inte-

136 3573 184 3610 um
195 3559 311 3622 opinioni
324 3561 448 3616 serviens,
459 3561 635 3627 persequitur.
673 3601 675 3606 .
741 3568 856 3626 grientm
873 3561 1023 3640 respondet.
1057 3561 1189 3628 Superiori
1209 3563 1323 3625 perodo.

114 3634 117 3640 ’
173 3625 402 3691 dBeliiprstienr·]
429 3627 717 3697 rinndactatisoi'reiter
741 3629 811 3678 elisit
821 3625 961 3680 Sallustius
974 3645 1002 3678 se
1013 3643 1091 3694 posse
1107 3643 1247 3678 memorare
1260 3630 1319 3694 qui·

140 3694 173 3746 17
181 3707 235 3758 quo
246 3693 387 3754 pueriesse
398 3695 568 3752 desinebante
581 3697 715 3760 protracta
743 3708 790 3744 tius
809 3695 836 3747 in
855 3696 921 3758 incip
941 3697 1052 3760 populus
1067 3697 1197 3746 Romanus
1215 3697 1318 3746 l'uderit

139 3757 534 3824 deindejuveneu'readsnnum
544 3759 716 3828 sequutus
741 3759 897 3826 copientis.
925 3761 1241 3827 lndeilleuihiIexcipit.
1267 3765 1318 3812 Ve·

138 3841 189 3891 qun
200 3825 349 3889 incipiebat,
359 3837 487 3878 senectus.
742 3825 799 3878 riun
818 3828 844 3878 in
862 3827 909 3878 titt
928 3829 1115 3894 propositione,
1134 3829 1186 3880 hac
1207 3834 1318 3880 assertio

171 3909 187 3942 e
197 3893 366 3960 Lubidiueml
394 3895 515 3946 Tametsi
532 3897 626 3962 saepius
639 3897 717 3948 lubido
745 3896 893 3955 urciuditur,
902 3897 1013 3958 Populus
1025 3895 1227 3962 Iiomumufudit
1236 3900 1317 3962 copias

138 3956 271 4015 inmitium
293 3975 392 4024 partem
406 3963 545 4026 accipitur,
563 3976 611 4028 pro
626 3965 713 4013 deride-
739 3965 965 4025 parvimentum.
984 3966 1051 4013 Huic
1061 3965 1318 4024 esseruomeespon-

138 4027 277 4096 rispruvor
291 4037 416 4086 attamen.
429 4029 547 4090 utvides,
560 4029 715 4096 quaudoque
744 4035 786 4078 tet
809 4031 939 4094 particula
963 4033 1010 4080 aest
1050 4031 1130 4088 Quasi
1148 4030 1227 4090 dieat,
1246 4029 1316 4076 Brito

137 4090 217 4140 etiam
230 4094 255 4142 in
266 4095 379 4144 sumitur
390 4095 416 4146 in
429 4095 520 4158 bonam
591 4111 592 4118 ¹
742 4097 954 4162 maximisrumut
962 4105 1048 4162 fratrea
1058 4101 1151 4150 austri:
1162 4095 1316 4157 redfort'tuti

171 4155 299 4222 Uirtus]
317 4159 513 4212 Fortitudinem
527 4163 652 4230 intellige.
741 4167 898 4227 lilingiorr'um
907 4168 1087 4220 streuuiuviriit,⁴
1097 4163 1316 4226 numfucroetrum

172 4239 192 4290 g
213 4225 316 4288 Perire]
334 4263 335 4266 η
354 4229 428 4280 Nihil
449 4228 616 4296 frequentiis
638 4226 715 4296 quim
743 4231 908 4290 &stemmati
920 4234 1085 4294 discurrant,
1097 4227 1316 4293 nonfitdreeance·

136 4289 265 4356 loquendi
285 4288 409 4348 formulas
431 4297 581 4360 istiusmodi
606 4297 716 4360 ridebis,
741 4300 840 4348 tetram
