3034 5060
438 316 642 385 nnnnuu
665 292 1038 402 Joeunrnmon.
1267 325 1329 386 ηε

145 491 980 578 ubicumquereepostulabat,praesidiumimpositum·
1004 489 1326 572 Quoenegotiamultti

144 579 266 664 magis,
286 577 378 662 quim
404 581 545 663 prelium
571 576 652 641 mate
678 595 851 662 pugnatum
875 580 913 641 ab
935 580 1011 654 cuis,
1030 597 1137 660 regem
1161 579 1326 642 terrebant.

148 667 277 750 Quippe
291 667 382 750 cujus
396 687 468 748 epes
482 665 585 726 omnis
601 665 631 726 in
648 665 721 746 iugi
735 665 795 728 rita
810 677 886 739 erat,
901 666 989 745 sequi
1006 665 1192 747 cogebatur3
1215 679 1246 724 et
1261 667 1328 746 qui,

145 773 207 816 oua
225 757 291 815 loca
305 751 474 815 defendere
491 752 683 832 nequiverat,
706 752 775 812 ¹²in
791 751 898 814 alienis
914 751 1027 812 bellum
1042 771 1162 832 gerere.
1206 749 1330 812 Tamen

142 841 211 900 2ex
232 839 348 922 inopii,
370 838 456 920 quod
476 839 628 918 optimum
649 837 824 911 videbatur,
843 837 1007 899 consilium
1030 835 1130 916 cepit:
1154 835 1329 898 exercitum

142 925 331 1008 plerumque
349 925 380 986 in
397 922 509 986 iisdem
526 922 601 984 iocis
614 923 733 1006 operiri
741 923 849 1005 jubet:
874 921 940 1003 ipse
953 941 1023 983 curn
1034 921 1330 1004 delectisequitibue

50 1085 53 1092 ²
143 1009 319 1074 Metellum
334 1008 475 1089 sequitur
486 1009 645 1070 nocturnis
661 1025 693 1069 et
708 1010 786 1072 aviis
800 1009 972 1080 itineribus,
987 1008 1156 1089 ignoratus,
1169 1007 1330 1069 Romanos

139 1097 285 1180 palantes
296 1091 423 1177 repente
436 1094 627 1176 aggreditur.
650 1092 792 1157 *Eorum
805 1095 943 1175 plerique
956 1094 1227 1168 immerentium,
1239 1093 1330 1154 multi

139 1183 329 1264 capiuntur:
347 1199 440 1241 nemo
451 1179 593 1240 omnium
608 1181 741 1240 intactus
753 1178 906 1262 profugit;
922 1194 955 1241 et
967 1179 1222 1260 Numidae‚priite
1234 1177 1331 1260 quien

139 1287 187 1330 ex
196 1265 539 1339 castr-issubveniretur‚
548 1263 639 1325 sicuti
647 1264 729 1348 jussi
738 1266 871 1338 eront‚in
882 1265 1041 1345 proximos
1051 1266 1144 1324 colles
1154 1265 1329 1328 discedunt.

143 1351 280 1413 Interim
295 1349 404 1412 Romae
416 1349 567 1432 gaudium
579 1348 687 1430 ingens
697 1363 813 1425 ortum,
823 1348 955 1430 cognitis
968 1347 1092 1410 Metelli
1103 1351 1210 1426 rebus:
1222 1345 1268 1410 uti
1281 1372 1330 1412 ee·

142 1453 220 1519 quc,
232 1451 264 1498 et
278 1436 450 1498 exercitum
467 1455 553 1496 more
569 1434 724 1518 majorum
741 1451 864 1515 gereret
873 1459 882 1505 ;
899 1435 930 1496 in
946 1435 1077 1496 adverso
1092 1435 1161 1496 loco
1171 1433 1272 1498 victor
1285 1448 1331 1498 ta·

139 1539 219 1584 men
231 1523 345 1584 virtute
358 1521 486 1607 fuisset3
503 1521 638 1582 huetium
652 1541 727 1602 agro
739 1521 908 1606 potiretur;
926 1522 1115 1602 Jugnrtlram
1130 1519 1332 1602 magnificum

140 1627 186 1670 ex
202 1607 281 1670 Auli
294 1607 447 1682 socordliu
458 1625 546 1688 rpem
561 1607 669 1668 salutis
686 1608 717 1667 in
733 1607 912 1678 solitudine,
924 1617 977 1668 aut
989 1605 1074 1689 fuga,
1089 1607 1266 1688 ³eoegieeet
1277 1606 1331 1667 ha·

141 1693 231 1755 bere.
255 1695 366 1775 Itaque
383 1703 519 1767 serimus,
530 1693 570 1752 ob
585 1713 623 1754 ea
633 1691 766 1754 feliciter
778 1705 856 1767 netu,
867 1693 929 1754 tliie
941 1692 1168 1755 immortalibus
1180 1691 1332 1774 supplicia

143 1779 335 1841 decerneret
362 1778 471 1839 civitae
493 1777 616 1858 trepida
638 1775 737 1849 antei,
760 1791 792 1836 et
815 1778 996 1839 solicitude
1019 1779 1091 1840 belli
1114 1791 1239 1851 eventu,
1262 1779 1332 1840 teu

142 1868 282 1946 *ageret
299 1863 338 1924 de
356 1861 490 1922 Metello
501 1859 585 1922 famo
596 1862 741 1942 preclara
752 1859 833 1922 esse.
858 1862 959 1942 Igitur
971 1863 1010 1922 eb
1023 1863 1168 1923 intentior
1180 1864 1219 1924 ad
1234 1865 1331 1924 victo-

142 1950 227 2010 riam
253 1949 333 2010 niti:
353 1947 497 2008 omnibus
524 1946 627 2010 modis
647 1946 812 2008 festinare:
835 1955 967 2007 ‘cavere
990 1962 1094 2008 tamen
1116 1949 1226 2008 necubi
1250 1947 1332 2010 hosti
1436 2022 1440 2034 ι

141 2039 360 2116 ⁵opportunus
376 2033 481 2094 fieret:
506 2030 710 2093 *meminisse
726 2047 796 2114 poet
812 2032 941 2113 gloriam
958 2032 1108 2093 invidiam
1126 2033 1226 2111 sequi.
1272 2034 1332 2109 lta,

82 2113 89 2166 ,'
143 2141 210 2201 quo
232 2121 354 2196 clarior,
374 2141 412 2180 eo
436 2115 538 2200 magis
562 2118 673 2180 anxius
696 2131 777 2179 erat:
805 2137 905 2199 neque
929 2131 999 2200 post
1020 2118 1149 2180 insidias
1170 2118 1332 2198 Jugurthae

143 2207 245 2270 effuso
254 2206 394 2268 exercitu
406 2204 536 2288 predari
548 2229 557 2276 ;
575 2204 626 2266 ubi
642 2202 811 2280 frumento,
823 2221 875 2266 out
883 2205 996 2286 pabulo
1009 2225 1087 2286 opus
1099 2217 1176 2282 erat,
1189 2203 1333 2266 cohorter

144 2292 318 2355 cumomni
334 2292 475 2373 equitatu
484 2289 671 2374 presidium
691 2291 867 2371 agitabant:
890 2291 1045 2352 exercitus
1062 2291 1174 2373 partim
1190 2290 1268 2372 ipse,
1282 2311 1332 2352 re·

143 2381 249 2460 liquos
273 2377 401 2440 Marius
419 2377 570 2440 ducebat:
594 2375 651 2436 sed
675 2373 741 2457 igni
765 2372 880 2458 magis,
894 2372 988 2457 quim
1011 2377 1124 2456 praedi,
1140 2397 1215 2460 eger
1229 2389 1331 2439 vasta·

143 2465 247 2532 batur.
293 2463 427 2526 Duobus
442 2462 519 2524 locis
535 2461 619 2523 haud
637 2457 729 2542 longb
747 2461 828 2522 inter
842 2483 878 2522 se
893 2475 992 2522 castra
1008 2461 1169 2526 faciebant.
1215 2461 1282 2524 Ubi
1299 2463 1332 2524 ui

144 2563 225 2632 opus
243 2565 320 2626 erat,
335 2549 437 2612 cuncti
455 2549 598 2609 aderentt
623 2545 784 2619 caetertim,
801 2545 866 2628 quo
888 2546 998 2628 ‘lugu
1014 2563 1106 2627 atque
1122 2546 1272 2624 formido,
1285 2550 1332 2610 la-

145 2635 214 2702 title
226 2649 410 2714 crescerent,
419 2632 536 2698 diversi
546 2635 688 2716 agebunt.
700 2632 750 2694 Eo
759 2649 898 2717 tempore
906 2633 1061 2716 Jugurtha
1070 2633 1331 2716 percollessequi:

587 2805 887 2859 INTERPRETATIO.

188 2965 201 3000 ¹
223 2962 346 3050 Quippe
368 2960 535 3048 Jugurtbu
554 2959 640 3044 cujus
661 2971 729 3042 oper
750 2961 850 3043 giceet
876 2959 1073 3045 Jugurtbnm
1095 2959 1332 3042 gloriabundum

144 3049 244 3114 omnic
259 3047 386 3132 insurgo
402 3049 464 3107 cito
479 3059 555 3120 erut,
567 3045 729 3127 cogebatur
753 3069 791 3108 ex
807 3047 878 3108 Auli
893 3047 1044 3120 socordio,
1064 3047 1172 3108 babere
1184 3059 1266 3129 opem
1280 3068 1330 3108 ea·

144 3138 232 3219 sequi
247 3135 388 3204 bostenn
412 3145 451 3203 et,
462 3133 515 3216 qui
529 3153 587 3192 cua
599 3134 662 3192 loco
676 3133 723 3194 cle-
750 3134 825 3194 letio
841 3136 875 3196 in
885 3135 1013 3196 desertio
1027 3129 1160 3215 etsugci.
1387 3201 1390 3208 ⁴

133 3221 267 3306 findere
283 3221 472 3304 nequiverat,
492 3217 653 3302 cogebatur
670 3241 726 3300 ge·
794 3223 806 3255 ⁴
826 3219 906 3280 Urbe
922 3231 1011 3281 artten
1029 3220 1149 3300 trepido
1167 3229 1195 3280 et
1213 3219 1332 3280 solicita

145 3329 215 3368 rere
231 3307 336 3367 bellum
351 3309 384 3366 in
399 3305 528 3366 olienie.'
752 3305 787 3366 cle
802 3305 867 3366 belli
890 3317 1007 3380 euentu,
1021 3306 1054 3366 iu
1069 3305 1176 3364 letitia·
1194 3305 1331 3386 degebat.

187 3393 201 3426 ²
218 3393 342 3467 Temen,
353 3393 387 3452 in
398 3389 521 3480 afflictio
537 3389 635 3463 rebus,
646 3392 727 3472 capit
794 3394 805 3427 ⁵
822 3391 951 3454 Couebot
962 3402 1059 3452 tamen
1075 3411 1112 3450 ne
1124 3390 1236 3450 alicubi
1250 3409 1331 3450 oeen-

143 3479 290 3562 optimum
300 3477 458 3540 concilium
468 3471 551 3560 quod
557 3475 723 3536 uidebatur.
751 3476 863 3538 cionem
883 3476 1033 3558 preberet
1058 3476 1137 3536 boeti
1164 3475 1332 3558 opportune

189 3563 202 3642 .³
224 3561 360 3645 Cognito
382 3563 475 3627 etiam
502 3561 643 3646 quomodo
663 3583 724 3624 coe·
749 3582 820 3622 euos
836 3561 1008 3626 invadendi.
1058 3567 1062 3574 '

681 3707 796 3756 NOTAE.

178 3821 239 3869 alu
251 3819 359 3881 atterite]
380 3817 624 3883 lis,ecilleet‚quae
636 3817 731 3866 Metel·
787 3817 804 3868 d
828 3817 991 3879 ,lterunterei
1013 3813 1118 3867 Utinam
1141 3816 1207 3868 viris
1232 3818 1334 3884 magnit

145 3890 187 3940 lue
197 3891 405 3952 expugnaverat
425 3885 579 3950 cogebatur
590 3893 676 3934 utitem
686 3887 731 3934 Ju-
753 3883 807 3932 baec
818 3885 911 3934 eodem
927 3899 983 3950 que
999 3885 1111 3936 Metello
1126 3899 1230 3949 temper
1242 3886 1334 3934 obver-

148 3956 244 4020 gurtlm
253 3954 395 4004 Metellum
402 3955 523 4017 scqui‚ne
533 3952 540 4000 i
545 3953 578 4002 lle
589 3955 728 4016 postquam
752 3962 885 4007 serentum
904 3953 1001 4001 multos
1012 3954 1083 4001 enim
1096 3969 1142 4002 sua
1153 3956 1236 4003 virtue
1247 3951 1334 4016 perdi·

148 4037 236 4072 omnes
248 4023 325 4072 urbes
345 4021 394 4070 sub
412 4025 570 4082 potestatem
588 4019 729 4084 coegisset,
752 4019 803 4078 dit,
817 4019 842 4068 in
860 4019 963 4068 invidie
981 4017 1069 4068 fovens
1088 4017 1245 4078 incidentes,
1258 4018 1332 4067 illurn

148 4091 205 4152 ipso
216 4103 297 4154 regno
309 4089 437 4154 spoliatus
451 4087 618 4136 inveniretur.
753 4087 814 4135 dum
829 4082 983 4151 sequuntur.

183 4157 318 4218 onrrun]
337 4159 512 4206 Romanorum
526 4151 577 4202 binc
590 4149 654 4201 illbc
667 4165 730 4216 prae·
784 4171 798 4203 e
812 4155 908 4218 Fuge]
922 4153 1034 4202 Maximi
1047 4159 1089 4203 est
1102 4149 1227 4202 mrimenti
1241 4148 1268 4200 in
1280 4149 1333 4203 bet

146 4221 187 4272 dae
199 4228 228 4269 et
237 4231 429 4274 commeatuum
447 4223 528 4272 causei
541 4221 727 4285 divagantiurn.
752 4220 786 4282 lo,
796 4221 849 4271 late
864 4221 963 4274 incolae
976 4230 1075 4274 terrere
1084 4230 1111 4270 et
1120 4215 1220 4286 fugate.

146 4356 163 4408 d
178 4306 195 4406 lc
211 4287 330 4354 Cunero]
351 4290 483 4342 Securitas
500 4289 571 4340 enim
590 4294 727 4339 meterent

165 4372 252 4416 curte,
