3034 5054
681 327 744 394 aas
768 405 771 414 Ι

288 597 358 674 IN
383 594 732 671 SALLUSTIUM
755 591 1132 669 DEOLAMATmt

465 827 545 904 Qua
560 826 704 892 Ciceroni
718 825 794 890 false
810 825 968 890 tribuitur.

212 1043 278 1105 EA
301 1044 432 1108 demum
451 1065 564 1126 magna
578 1011 720 1125 voluptas
742 1055 799 1116 est,
815 1041 926 1123 Crispe
949 1038 1085 1114 Sallusti,
1100 1040 1260 1122 aqualem,
1274 1059 1307 1107 et

123 1151 231 1213 parem
249 1129 352 1191 verbis
367 1131 464 1191 vitam
480 1149 592 1209 agere3
615 1149 715 1210 neque
732 1127 904 1209 quidquam
920 1142 985 1187 tam
1001 1125 1175 1188 obscoenum
1189 1129 1307 1204 dicere,

123 1217 177 1278 cui
193 1205 255 1278 adn
271 1215 308 1276 ab
325 1214 413 1276 initio
425 1213 565 1296 pueritiae
579 1213 664 1274 omni
677 1233 788 1295 genere
803 1211 949 1277 facinoris
962 1225 1035 1270 aetas
1047 1224 1101 1271 tua
1112 1215 1309 1294 respondeat,

124 1315 164 1364 ut
177 1300 279 1362 omnis
295 1299 395 1362 oratio
416 1299 555 1361 moribus
579 1313 736 1361 consonet.
782 1299 899 1380 Neque
919 1296 1013 1372 enim,
1029 1297 1083 1377 qui
1100 1296 1142 1358 ita
1158 1299 1245 1374 vivit,
1261 1297 1308 1364 uti

114 1391 173 1462 tu,
187 1385 277 1447 aliter
291 1405 326 1446 ac
342 1401 387 1460 tu,
401 1384 487 1466 loqui
503 1399 623 1466 potest3
646 1406 758 1466 neque,
774 1383 828 1466 qui
848 1399 911 1444 tam
932 1381 1019 1442 illoto
1036 1401 1177 1443 sermone
1200 1385 1310 1457 utitur,

123 1473 191 1534 vita
206 1470 365 1532 honestior
379 1485 437 1532 est.
483 1470 560 1544 Qun
576 1491 627 1531 me
642 1487 773 1546 vertam,
790 1469 826 1531 P.
838 1468 898 1531 C.?
917 1466 1013 1530 Unde
1027 1466 1150 1529 initium
1165 1469 1311 1532 sumam?
1411 1503 1414 1508 ·
1509 1509 1511 1516 ‹

127 1556 242 1639 Majus
266 1556 347 1617 enim
372 1555 446 1619 mihi
471 1557 597 1618 dicendi
620 1577 697 1618 onus
719 1555 901 1634 imponitur,
916 1551 979 1634 quo
1001 1551 1104 1613 notior
1118 1566 1165 1615 est
1180 1569 1312 1638 uterque

125 1643 281 1704 nostrum.
327 1639 426 1713 Quod
442 1639 469 1700 si
484 1656 537 1702 aut
553 1642 592 1702 de
607 1643 676 1701 mea
687 1641 761 1716 vitai,
777 1655 868 1720 atque
885 1640 1004 1700 actibus
1019 1637 1143 1712 nostris,
1154 1638 1226 1702 huic
1238 1663 1311 1703 con·

125 1727 271 1788 viciatori
283 1726 485 1806 respondero,
497 1725 616 1784 invidia
632 1725 761 1804 gloriam
779 1737 1007 1806 consequetur:
1024 1737 1089 1797 aut,
1102 1724 1128 1784 s'i
1141 1724 1235 1809 hujus
1247 1726 1312 1789 fac·

126 1827 171 1886 ta,
183 1829 299 1884 mores,
313 1827 439 1868 omnem
453 1821 574 1868 aetatem
590 1809 760 1878 nudavero,
776 1809 807 1869 in
822 1809 908 1868 idem
924 1807 1037 1868 vitium
1053 1807 1188 1872 incidam
1204 1833 1312 1893 proca·

128 1895 242 1971 citatis,
258 1893 344 1974 quod
358 1892 431 1954 huic
447 1891 573 1974 objicio.
598 1891 638 1952 Id
651 1912 718 1964 vos,
735 1893 761 1952 si
778 1888 858 1959 forte
875 1891 1081 1966 offendimini,
1092 1891 1212 1973 justitie
1227 1899 1314 1971 huia,

129 1977 237 2064 quam,
251 1978 342 2053 mihi,
357 1998 539 2041 succensere
555 1975 686 2052 debetis,
702 1977 756 2058 qui
774 1961 920 2038 ²indium
936 1975 1119 2037 introduxit.
1145 1977 1216 2058 Ego
1231 1982 1313 2046 dabo

127 2065 268 2149 operam,
282 2078 318 2126 ut
334 2078 366 2125 et
380 2084 437 2146 pro
452 2083 503 2124 me
519 2062 651 2125 minimo
666 2083 738 2125 cum
753 2060 880 2124 fastidio
895 2061 1112 2142 respondeam,
1127 2076 1158 2123 et
1178 2065 1211 2126 iu
1230 2065 1314 2130 hunc

127 2144 260 2214 midime
283 2149 432 2210 mentitus
448 2169 515 2210 esse
532 2147 651 2210 videar.
695 2147 768 2209 Scio
784 2169 845 2221 me,
863 2147 899 2208 P.
917 2147 1003 2209 C.·in
1019 2149 1235 2227 respondendo
1251 2173 1314 2215 non

127 2237 243 2298 habete
259 2254 404 2316 magnam
418 2233 692 2316 exspectationem,
707 2233 793 2314 quod
809 2233 928 2295 nullum
941 2252 996 2292 vos
1009 2231 1112 2302 sciatis
1125 2255 1240 2296 novum
1252 2239 1315 2300 cri·

128 2340 203 2385 men
219 2321 251 2386 in
263 2319 444 2388 Sallustium
459 2318 632 2393 audituros,
643 2321 700 2380 sed
715 2321 934 2380 omnisvetera
945 2318 1180 2398 recognituros:
1197 2323 1270 2402 quis
1282 2337 1315 2387 et

128 2427 220 2481 meae,
234 2419 266 2467 et
281 2419 390 2466 vestrae
400 2403 468 2487 jam
484 2419 515 2465 et
530 2404 639 2486 ipsius,
656 2425 745 2466 aures
761 2405 871 2464 calent.
894 2399 1019 2464 Vertim
1035 2399 1074 2464 ed
1092 2401 1192 2486 magis
1208 2408 1314 2470 odisse

129 2493 252 2555 debetis
274 2489 445 2564 hominem,
461 2490 515 2572 qui
538 2511 576 2550 ne
599 2489 748 2571 incipiens
766 2487 894 2570 quidem
917 2507 1044 2570 peccare
1064 2489 1202 2552 minimis
1220 2496 1314 2557 rebus

128 2577 235 2662 posuit
249 2576 484 2647 rudimentum,
506 2575 563 2636 sed
585 2575 628 2635 ita
650 2575 808 2655 ingressus
830 2588 888 2645 cst,
904 2571 950 2635 uti
973 2593 1074 2652 neque
1097 2575 1135 2636 ab
1154 2577 1215 2638 alio
1231 2579 1314 2641 vinci

128 2663 240 2747 possit,
254 2681 356 2742 neque
368 2661 433 2743 ipse
448 2682 481 2722 se
493 2657 621 2722 omnind
637 2661 757 2741 reliqua
771 2673 859 2721 aetate
874 2657 1065 2741 bpraeterire.
1110 2661 1221 2742 ltaque
1236 2665 1330 2728 nihil‘

130 2747 217 2810 aliud
229 2747 344 2820 studet,
355 2745 426 2822 nisi,
437 2741 484 2807 uti
496 2746 665 2808 lutulentus
677 2767 741 2821 sus,
752 2765 824 2808 cum
834 2745 946 2826 quovis
956 2741 1088 2806 velitari.
1111 2743 1223 2829 Longe
1236 2749 1315 2814 vero

129 2832 249 2896 fallitur
261 2832 416 2915 opinione.
441 2831 517 2892 Non
532 2831 615 2893 enim
632 2831 816 2915 procacitate
828 2831 941 2912 linguae
952 2830 1024 2891 vitae
1035 2831 1143 2893 sordes
1156 2833 1315 2912 eluuntur,

131 2919 189 2982 sed
201 2931 249 2988 est
260 2917 403 2998 quaedam
417 2926 431 2955 ⁶
441 2917 605 2991 calumnia,
615 2935 709 2998 quam
719 2917 931 3004 unusquisque
942 2919 1093 2995 nostrum,
1103 2931 1232 2982 testante
1248 2925 1315 2983 ani·

129 3025 186 3074 mo
201 3001 345 3079 suo,'fert
360 3001 400 3064 de
412 3022 461 3078 eo,
476 3003 530 3084 qui
546 3000 658 3064 salsum
675 3001 792 3063 crimen
806 3001 896 3064 bonis
911 3001 1056 3086 objectat.
1095 3001 1196 3075 Quod
1210 3005 1236 3067 si
1249 3007 1314 3072 vite

130 3087 224 3161 istius
239 3085 448 3154 dmemoriam
462 3090 590 3164 viceret,
605 3087 697 3150 aliam
715 3087 751 3148 P.
769 3087 807 3150 C.
823 3109 885 3150 non
900 3109 941 3150 ex
955 3089 1094 3150 oratione
1108 3090 1187 3172 ejus,
1203 3091 1259 3154 sed
1271 3113 1313 3156 ex

108 3194 110 3200 ’
129 3175 284 3250 moribus,
299 3187 436 3255 spectare
459 3172 590 3234 debetis.
635 3173 707 3254 Jam
723 3173 804 3235 dabo
819 3193 945 3255 operam
961 3169 1055 3254 qudm
1071 3173 1208 3237 maxime
1225 3191 1312 3258 pote-

130 3282 180 3334 ro,
194 3254 242 3322 uti
258 3261 350 3320 breve
366 3258 400 3320 id
416 3256 539 3321 faciam.
584 3260 700 3340 Neque
715 3259 782 3320 haec
799 3259 957 3322 altercatio
972 3277 1075 3322 nostra
1091 3261 1179 3322 vobis
1195 3257 1314 3326 inu'tilis

131 3345 204 3420 erit,
220 3345 258 3405 P.
271 3344 308 3406 C.
326 3343 515 3424 Plerumque
530 3343 613 3404 enim
626 3365 707 3426 resp.
723 3344 852 3425 privatis
869 3345 980 3407 crescit
995 3344 1178 3422 inimicitiis,
1195 3347 1246 3410 ubi
1260 3370 1314 3410 ne·

132 3429 291 3504 motivis,
306 3428 406 3510 qualis
421 3429 462 3490 sit
476 3429 536 3503 vir,
551 3442 652 3509 potest
663 3430 769 3490 latere.
808 3429 953 3502 Primdm
970 3430 1076 3512 igitur,
1088 3431 1234 3512 quoniam
1246 3455 1314 3495 om·

133 3515 221 3585 nium
244 3515 379 3599 majores
396 3512 525 3597 Crispus
547 3512 711 3584 Sallustius
732 3514 796 3579 'ad
818 3533 915 3577 unum
938 3516 1117 3598 exemplum
1132 3527 1165 3578 et
1182 3537 1315 3600 regnum

665 3687 781 3738 NOTAE.

165 3849 181 3884 s
191 3835 291 3884 Initium
299 3832 456 3897 introduxit]
467 3832 711 3900 Querlturnterque
769 3833 786 3884 b
799 3833 952 3894 Praeterire]
964 3831 1168 3896 Malefacieudo,
1180 3835 1292 3890 scilicet.

131 3909 161 3952 et
172 3899 314 3951 Sallustius
323 3907 351 3949 et
364 3902 465 3960 Cicero,
477 3901 558 3966 quod,
572 3901 622 3950 sibl
635 3899 667 3948 ab
679 3902 714 3949 al·
769 3917 785 3950 c
795 3899 954 3962 'Calumnia.]
970 3903 1103 3965 Reproclre.

132 3975 190 4018 tero
201 3965 297 4035 injuria
315 3967 413 4027 oblata,
424 3982 496 4031 prrot·
510 3967 647 4019 lacessitus
660 3965 713 4016 fue·
769 3968 787 4016 d
800 3965 968 4028 Memoriam]
987 3969 1019 4018 ld
1029 3976 1081 4029 est,
1094 3970 1123 4018 St
1134 3971 1200 4018 obliti
1209 3971 1316 4032 fueritis

131 4035 186 4084 rit:
198 4034 269 4098 quod
280 4033 395 4096 quidem,
406 4043 498 4097 prater
511 4033 570 4096 alia,
581 4050 622 4084 me
633 4033 713 4084 maxi·
736 4038 817 4096 patalia
825 4034 910 4100 fuerit
919 4038 974 4083 uita
986 4039 1066 4098 istius,
1076 4047 1101 4086 et
1117 4041 1228 4099 quomado
1240 4041 1315 4092 autad

132 4099 176 4151 rue
190 4109 276 4149 movet
288 4109 319 4150 ut
331 4100 446 4160 credam,
458 4099 663 4151 declamationes
678 4101 713 4150 is·
735 4105 838 4151 uixerit.
1300 4099 1303 4104 “

35 4175 48 4192 “·
131 4175 174 4216 tas
184 4163 200 4214 ὲ
210 4167 363 4230 quibusdam
375 4166 592 4217 declamatoribus
602 4169 713 4232 scriptas
767 4185 783 4217 e
794 4169 839 4216 Ad
849 4179 921 4217 uertant
934 4173 1068 4234 exemplum
1080 4179 1104 4219 ct
1113 4167 1240 4233 reguiam]
1261 4171 1316 4223 Diu

132 4228 243 4288 tantdm,
256 4249 304 4282 non
318 4235 451 4294 recitatas,
464 4233 554 4283 luisse.
572 4235 625 4284 Sed
636 4239 667 4286 eft
680 4233 711 4285 de
734 4232 808 4284 certe
827 4234 871 4284 hle
885 4235 956 4294 ltsrsi,
966 4246 1003 4297 ut,
1017 4236 1082 4301 quid
1094 4234 1147 4300 sibi,
1155 4236 1245 4298 vellet,
1256 4253 1316 4290 auc.

132 4313 172 4358 re,
184 4299 281 4364 quibus
291 4307 389 4362 tantum
399 4302 452 4354 erit
462 4301 519 4364 otii,
529 4301 599 4353 docti
610 4301 714 4368 judica·
735 4312 786 4362 tor,
796 4300 949 4350 divinarem.
966 4303 1084 4352 Tandem
1095 4301 1237 4353 arbitratus
1248 4319 1317 4365 sum,

132 4362 206 4440 lium·
422 4420 425 4429 ,
630 4405 631 4410 1
735 4367 771 4420 ed
785 4369 836 4424 ista
854 4368 974 4429 Sallustii
991 4368 1079 4430 verba,
1100 4371 1148 4420 Oro
1165 4380 1198 4434 te,
1214 4373 1316 4432 Romule
