3034 5060
395 292 599 402 nantum
623 277 1000 420 JUuurtrlnrtUM.
1072 301 1091 333 ⁴
1181 421 1189 440 .
1250 329 1308 406 se·
1356 356 1361 367 =

112 509 307 578 “novissimi
316 505 497 587 habuerant,
505 509 639 596 populus
650 505 746 572 Rom.
758 529 814 594 per
824 507 1024 590 magistratus
1040 507 1290 578 administrabat:

114 601 311 663 Gaetulorum
328 617 441 684 magna
456 617 539 678 pars,
552 609 584 657 et
600 595 756 658 Numidia
767 596 808 659 ad
823 595 940 658 flumen
958 615 1057 678 usque
1080 591 1093 632 ⁵
1106 595 1294 664 Mulucham

113 689 177 749 sub
188 685 338 770 Jugurtbi
351 696 455 746 erant:
475 679 601 742 Mauris
614 681 758 742 omnibus
771 699 828 743 rex
843 681 987 744 Bocchus
1003 680 1211 764 imperitabat,
1221 703 1293 765 pra-

114 787 166 834 ter
181 791 302 848 nomen,
317 783 447 832 ‘catera
462 765 589 849 ignarus
604 766 711 850 populi
726 765 819 830 Rom.
833 767 972 850 itemque
988 765 1076 830 nobis
1087 787 1189 848 neque
1204 768 1296 848 bello,

113 877 217 940 neque
230 876 305 938 pace
319 871 410 918 antea
421 853 581 936 cognitus:
598 855 637 916 de
651 846 774 932 Africi,
785 868 817 916 et
827 853 897 940 ejus
908 851 1028 932 incolis,
1039 852 1079 916 ad
1090 853 1295 918 necessitudi-

113 963 189 1004 nem
199 942 245 1004 rei
261 937 337 1004 satis
354 940 486 1002 dictmn.
966 1001 970 1013 ,

157 1028 332 1109 Postquam
353 1025 456 1087 diviso
478 1045 586 1107 regno,
608 1021 704 1108 legati
728 1021 841 1088 Africi
862 1019 1049 1102 dec'eb'sire3
1074 1040 1106 1088 ct
1129 1025 1297 1111 Jugurtlra,
1361 1025 1364 1030 ’

108 1130 222 1177 contra
237 1115 384 1175 timorem
407 1110 514 1186 animi,
535 1106 686 1194 *premia
707 1110 834 1174 sceleris
855 1113 1003 1194 adeptum
1017 1133 1085 1174 sese
1101 1113 1207 1187 videt;
1229 1133 1298 1178 cer·

112 1215 183 1263 tum
198 1212 296 1272 ratus,
311 1196 397 1278 quod
413 1213 455 1256 ex
470 1194 579 1257 amicis
594 1197 678 1278 apud
697 1195 905 1258 Numantiam
927 1212 1097 1280 acceperat,
1112 1199 1215 1262 omnia
1230 1198 1297 1262 Ro·

112 1307 175 1348 mae
189 1281 312 1346 venalia
326 1302 394 1342 esse
407 1305 415 1353 ;
438 1281 532 1342 simul
547 1293 579 1342 et
593 1281 718 1342 illorum
734 1279 1030 1363 ‘pollicitationibus
1046 1302 1203 1362 accensus,
1217 1305 1299 1368 quos

111 1367 212 1454 paulb
225 1364 296 1429 ante
309 1367 491 1430 muneribus
502 1365 700 1448 expleverat,
717 1363 749 1426 in
761 1387 893 1448 regnum
907 1364 1089 1432 Atherbalis
1101 1367 1240 1430 animum
1251 1371 1298 1432 in-

112 1453 229 1517 tendit.
275 1453 347 1536 Ipse
360 1473 441 1529 acer,
453 1451 637 1516 bellicosus:
654 1466 685 1512 at
698 1450 736 1526 is,
752 1472 846 1533 quem
859 1452 993 1534 petebat,
1007 1453 1144 1534 quietus,
1154 1453 1302 1534 imbellis,

112 1537 242 1623 placido
257 1537 394 1620 ingenio,
417 1535 628 1620 fopportunus
643 1536 777 1620 injuriat,
791 1551 934 1600 metuens
956 1533 1071 1620 magis,
1086 1535 1180 1620 qutlm
1197 1554 1299 1604 metu·

106 1625 228 1688 endus.
253 1624 356 1707 Igitur
364 1629 404 1684 erl
417 1621 587 1706 improviso
598 1623 674 1685 fines
683 1623 752 1704 ejus
764 1641 836 1685 curn
848 1623 959 1706 magnai
969 1643 1062 1684 manu
1071 1623 1208 1688 invadit:
1219 1625 1301 1690 mul·

104 1725 165 1774 -tos
182 1711 327 1772 mortales
343 1727 414 1772 cum
429 1729 553 1792 pecore,
568 1725 660 1792 atque
675 1709 734 1770 alii
748 1708 850 1790 praedi
865 1709 949 1791 capit
958 1734 968 1782 ;
992 1708 1124 1772 aedificia
1139 1710 1299 1774 incendit:

114 1797 266 1879 pleraque
285 1794 440 1856 hostiliter
458 1794 527 1856 loca
549 1813 621 1855 cum
634 1794 776 1874 equitatu
798 1795 929 1856 accedit.
975 1793 1100 1856 Deinde
1122 1816 1195 1858 cum
1210 1799 1299 1861 omni

114 1879 320 1944 multitudine
336 1879 368 1939 in
377 1897 509 1960 regnum
520 1897 613 1940 suum
628 1879 793 1954 convertit,
806 1878 988 1940 existimans
1001 1877 1108 1941 dolore
1120 1897 1300 1962 permotum

105 1965 328 2030 Atherbalem
340 1963 471 2048 injurias
486 1983 558 2024 suas
570 1983 665 2024 manu
673 1961 1055 2044 vindicaturum,eamque
1068 1985 1134 2026 rem
1144 1965 1216 2029 belli
1228 1987 1302 2030 cau·

115 2071 186 2114 sam
202 2049 282 2113 fore.
328 2047 377 2110 At
398 2047 461 2126 ille,
477 2047 564 2130 qudd
585 2069 688 2130 neque
703 2068 737 2126 se
759 2057 775 2096 ⁸
781 2067 888 2132 parem
911 2048 1007 2110 armis
1029 2049 1247 2126 existimabat:
1270 2067 1303 2116 et

107 2135 256 2198 amicitia
271 2134 379 2218 populi
395 2131 490 2210 Rom.
507 2129 609 2217 magis
625 2131 719 2216 quim
737 2133 902 2212 Numidis,
915 2131 1015 2196 fretus
1031 2150 1097 2198 erat
1109 2161 1117 2209 ς
1131 2133 1250 2220 legatos
1262 2140 1302 2202 ad

117 2222 307 2306 Iugurtham
318 2221 358 2286 de
371 2219 493 2301 injuriis
504 2235 651 2302 questum
663 2218 767 2283 misit:
782 2219 836 2302 qui
848 2219 973 2282 tametsi
983 2223 1206 2286 contumeliosa
1218 2224 1303 2288 dicta

23 2335 25 2340 ·
117 2309 299 2383 retulerant,
314 2305 403 2388 priirs
424 2321 528 2368 tamen
544 2307 649 2368 omnia
663 2305 727 2388 pati
748 2305 901 2380 decrevit,
915 2303 1010 2386 quim
1024 2307 1141 2371 bellum
1156 2329 1301 2372 sumere:

106 2393 197 2476 -quia
210 2407 363 2456 tentatum
375 2388 463 2459 antei
478 2389 571 2453 sectis
583 2405 728 2454 cesserat.
753 2389 870 2472 Neque
886 2387 925 2451 eb
939 2386 1042 2473 magis
1057 2392 1172 2475 cupido
1185 2391 1302 2478 Jug'ur-

108 2479 180 2542 tha
196 2477 406 2552 minuebatur,
421 2477 536 2560 quippe
552 2476 606 2559 qui
622 2491 724 2539 totum
741 2477 809 2560 ejus
825 2495 958 2558 regnum
974 2477 1079 2538 animo
1102 2477 1166 2560 jam
1182 2480 1305 2543 invase·

67 2567 72 2579 “
108 2581 180 2628 ¹rat.
226 2565 338 2644 Itaque
353 2583 425 2642 non,
442 2576 476 2624 ut
491 2577 591 2640 antea,
606 2581 679 2626 cum
700 2558 906 2644 hpraedatoriai
919 2581 1025 2638 manu,
1038 2561 1106 2636 sed,
1120 2583 1235 2646 magno
1250 2585 1305 2628 ex·

26 2679 28 2685 ⁴
93 2655 104 2671 ”
121 2651 223 2714 ercitu
246 2664 436 2732 comparato,
449 2647 566 2711 bellum
587 2667 695 2730 gerere
717 2647 829 2730 cepit:
852 2660 884 2709 et
898 2643 1004 2731 apert&
1025 2648 1122 2710 totius
1145 2649 1308 2715 Numidia

23 3263 29 3382 l

23 3853 45 3999 l

23 4023 37 4137 t

110 2736 291 2819 ,imperium
313 2749 428 2817 petere.
476 2731 647 2810 Caeterum,
668 2729 730 2815 qui
752 2732 912 2816 pergebat,
933 2733 1038 2811 urbes,
1058 2755 1149 2818 agros
1172 2751 1307 2813 vastare,

110 2823 241 2906 praedas
251 2841 363 2903 agere,
371 2820 608 2904 ⁸suisanimum,
620 2819 762 2890 hostibus
771 2831 923 2894 terrorem
933 2839 1060 2902 augere.
1085 2819 1240 2884 Atherbal
1251 2825 1307 2888 ubi

122 2906 271 2989 intelligit
281 2905 319 2968 ed
329 2927 522 2988 processum,
530 2900 578 2968 uti
588 2924 720 2986 regnum
732 2917 787 2968 aut
798 2904 1038 2986 relinquendum
1047 2920 1202 2983 esset,aut
1212 2910 1308 2972 armis

121 2991 335 3072 retinendum,
349 2989 547 3054 ¹necessarid
563 2992 667 3074 copias
682 3004 783 3074 parat,
797 3004 829 3054 ct
844 2989 1010 3074 Iugurthae
1024 2991 1136 3058 obvius
1154 2995 1307 3078 procedit.

23 3203 27 3214 .
117 3169 152 3218 s·
338 3252 343 3258 s
563 3151 862 3246 manarrnrnrro.
913 3209 917 3218 ¹

409 3359 627 3440 {Necessitate
639 3361 784 3446 impulsus
801 3366 904 3450 copias
913 3377 1020 3450 parat.

659 3551 776 3602 Nom.

115 3727 118 3735 Δ
159 3700 351 3764 :mammaea
371 3704 429 3752 Non
445 3701 712 3770 enim'dlongotemff
764 3722 780 3755 e
798 3702 1046 3769 Pollicitatinm'bus]
1066 3703 1197 3759 Nimirum
1222 3705 1262 3759 illl
1282 3723 1313 3760 se

113 3769 190 3838 -pore
202 3769 334 3834 Carthago
350 3765 499 3835 iSclpione
517 3771 606 3821 deleta
617 3767 710 3822 fuerat.
733 3775 828 3831 Roma,
840 3775 927 3838 gratia
944 3781 972 3826 et
989 3771 1087 3834 favore,
1100 3775 1186 3824 omnia
1203 3773 1237 3824 ad
1253 3773 1312 3840 ejus

160 3836 176 3887 b
201 3833 372 3898 Mulucham]
402 3837 462 3888 Alio
487 3838 591 3888 nomine
612 3835 713 3888 dicitur
731 3839 898 3890 commodum
912 3855 1094 3900 conversuros,
1107 3841 1220 3905 polliciti
1232 3851 1314 3890 eram.

129 3907 277 3957 Molochath.
311 3907 376 3954 Fuit
393 3911 422 3954 et
437 3905 711 3970 oppidum'Mulucha
765 3905 779 3955 f
792 3905 1074 3973 Opporraaarinjuriae.]
1085 3906 1314 3972 Accipiendacsei·

128 3974 239 4038 dictum,
251 3981 280 4022 ut
289 3973 375 4038 liquet
385 3987 420 4020 ex
432 3973 518 4022 Floro.
732 3974 803 4024 licet.
838 3975 939 4038 lnjuria
954 3974 999 4024 hic
1011 3973 1113 4038 passivi
1128 3975 1248 4024 sumitur.

163 4055 183 4090 o
203 4037 320 4102 Cetera]
346 4029 527 4089 Adverbium:
550 4039 602 4090 nisi
627 4040 710 4090 maris
764 4037 909 4106 gPurem.]
927 4040 1198 4104 Jugurthae,scilicet.
1355 4035 1358 4044 ⁴

129 4108 334 4169 praepositionem
357 4109 488 4172 supplere.
521 4108 608 4158 Aliter
627 4106 711 4166 dicas,
764 4109 782 4156 lr
796 4107 972 4172 Praedntoridl
996 4103 1314 4160 Praedatoriusexercittts

130 4173 177 4221 Ida
189 4178 303 4236 exerptis.
732 4174 839 4235 dicitur,
852 4176 898 4240 qui
911 4173 1041 4226 militibus
1057 4181 1160 4225 constat
1172 4171 1265 4223 leviter
1276 4185 1315 4220 ar-

164 4237 325 4302 dPraemia.]
348 4241 468 4301 Omnino,
486 4241 617 4306 siquidem
636 4240 712 4292 dimi·
732 4242 821 4304 matis,
832 4249 862 4294 et
873 4244 899 4292 in
906 4240 997 4307 fugam
1005 4241 1146 4308 expeditis.

117 4305 202 4356 diam
228 4305 386 4372 Hiempsalis
406 4309 483 4376 regni
509 4315 614 4376 partem
644 4307 712 4359 obti-

131 4379 231 4424 nuerat.
315 4399 320 4410 ·
470 4410 472 4418 ,

152 4459 160 4477 ,
323 4465 327 4470 .
354 4449 361 4471 r
