<?xml version="1.0" encoding="UTF-8"?>
<!DOCTYPE html PUBLIC "-//W3C//DTD XHTML 1.0 Transitional//EN"
    "http://www.w3.org/TR/xhtml1/DTD/xhtml1-transitional.dtd">
<html xmlns="http://www.w3.org/1999/xhtml" xml:lang="en" lang="en">
 <head>
  <title>
</title>
<meta http-equiv="Content-Type" content="text/html;charset=utf-8" />
  <meta name='ocr-system' content='tesseract 3.04.00' />
  <meta name='ocr-capabilities' content='ocr_page ocr_carea ocr_par ocr_line ocrx_word'/>
</head>
<body>
  <div class='ocr_page' id='page_1' title='image "./operaomniaquaee00crisgoog_0113.png"; bbox 0 0 3034 5060; ppageno 0'>
   <div class='ocr_carea' id='block_1_1' title="bbox 175 311 890 384">
    <p class='ocr_par' dir='ltr' id='par_1_1' title="bbox 175 311 890 384">
     <span class='ocr_line' id='line_1_1' title="bbox 175 311 890 384; baseline -0.008 -2"><span class='ocrx_word' id='word_1_1' title='bbox 175 325 238 383; x_wconf 82' lang='lat' dir='ltr'>rou</span> <span class='ocrx_word' id='word_1_2' title='bbox 420 321 423 328; x_wconf 84' lang='grc'><strong>’</strong></span> <span class='ocrx_word' id='word_1_3' title='bbox 638 311 890 384; x_wconf 76' lang='lat' dir='ltr'>SALLUSTII</span> 
     </span>
    </p>
   </div>
   <div class='ocr_carea' id='block_1_2' title="bbox 171 482 1368 915">
    <p class='ocr_par' dir='ltr' id='par_1_2' title="bbox 171 482 1368 915">
     <span class='ocr_line' id='line_1_2' title="bbox 171 482 1362 570; baseline -0.003 -18"><span class='ocrx_word' id='word_1_4' title='bbox 171 487 378 568; x_wconf 59' lang='lat' dir='ltr'>&#39;Sempronii</span> <span class='ocrx_word' id='word_1_5' title='bbox 393 486 560 570; x_wconf 79' lang='lat' dir='ltr'>provinciae</span> <span class='ocrx_word' id='word_1_6' title='bbox 575 485 693 550; x_wconf 79' lang='lat' dir='ltr'>futuris</span> <span class='ocrx_word' id='word_1_7' title='bbox 714 485 893 552; x_wconf 84' lang='lat' dir='ltr'>consulibus</span> <span class='ocrx_word' id='word_1_8' title='bbox 913 482 1070 551; x_wconf 76' lang='lat' dir='ltr'>Numidia</span> <span class='ocrx_word' id='word_1_9' title='bbox 1086 495 1180 568; x_wconf 82' lang='lat' dir='ltr'>etque</span> <span class='ocrx_word' id='word_1_10' title='bbox 1199 483 1291 548; x_wconf 89' lang='lat' dir='ltr'>ltalia</span> <span class='ocrx_word' id='word_1_11' title='bbox 1307 486 1362 549; x_wconf 86' lang='lat' dir='ltr'>&#39;de-</span> 
     </span>
     <span class='ocr_line' id='line_1_3' title="bbox 172 569 1364 654; baseline -0.005 -16"><span class='ocrx_word' id='word_1_12' title='bbox 172 593 282 638; x_wconf 83' lang='lat' dir='ltr'>cretae:</span> <span class='ocrx_word' id='word_1_13' title='bbox 300 575 441 640; x_wconf 86' lang='lat' dir='ltr'>consules</span> <span class='ocrx_word' id='word_1_14' title='bbox 456 573 604 638; x_wconf 87' lang='lat' dir='ltr'>declarati</span> <span class='ocrx_word' id='word_1_15' title='bbox 623 573 659 636; x_wconf 89' lang='grc' dir='ltr'>Ρ.</span> <span class='ocrx_word' id='word_1_16' title='bbox 677 573 783 654; x_wconf 86' lang='lat' dir='ltr'>Scipio</span> <span class='ocrx_word' id='word_1_17' title='bbox 797 570 811 615; x_wconf 67' lang='lat' dir='ltr'>b</span> <span class='ocrx_word' id='word_1_18' title='bbox 824 572 953 646; x_wconf 82' lang='lat' dir='ltr'>Nasica,</span> <span class='ocrx_word' id='word_1_19' title='bbox 967 572 1008 636; x_wconf 83' lang='lat' dir='ltr'>L.</span> <span class='ocrx_word' id='word_1_20' title='bbox 1026 572 1133 634; x_wconf 80' lang='lat' dir='ltr'>Bestia</span> <span class='ocrx_word' id='word_1_21' title='bbox 1152 569 1364 654; x_wconf 80' lang='lat' dir='ltr'>Calpurniusz</span> 
     </span>
     <span class='ocr_line' id='line_1_4' title="bbox 174 657 1367 742; baseline -0.003 -19"><span class='ocrx_word' id='word_1_22' title='bbox 174 660 344 742; x_wconf 87' lang='lat' dir='ltr'>Calpurnio</span> <span class='ocrx_word' id='word_1_23' title='bbox 360 657 529 732; x_wconf 77' lang='lat' dir='ltr'><strong>Numidia,</strong></span> <span class='ocrx_word' id='word_1_24' title='bbox 543 658 682 742; x_wconf 79' lang='lat' dir='ltr'>Scipioni</span> <span class='ocrx_word' id='word_1_25' title='bbox 698 657 790 722; x_wconf 81' lang='lat' dir='ltr'>Italia</span> <span class='ocrx_word' id='word_1_26' title='bbox 809 659 970 733; x_wconf 62' lang='lat' dir='ltr'>‘obvenin</span> <span class='ocrx_word' id='word_1_27' title='bbox 985 659 1058 721; x_wconf 87' lang='lat' dir='ltr'>dein</span> <span class='ocrx_word' id='word_1_28' title='bbox 1074 657 1242 732; x_wconf 83' lang='lat' dir='ltr'>exercitus,</span> <span class='ocrx_word' id='word_1_29' title='bbox 1260 659 1315 740; x_wconf 91' lang='lat' dir='ltr'>qui</span> <span class='ocrx_word' id='word_1_30' title='bbox 1334 659 1367 720; x_wconf 92' lang='lat' dir='ltr'>in</span> 
     </span>
     <span class='ocr_line' id='line_1_5' title="bbox 174 743 1367 828; baseline -0.005 -14"><span class='ocrx_word' id='word_1_31' title='bbox 174 746 321 814; x_wconf 76' lang='lat' dir='ltr'>Africam</span> <span class='ocrx_word' id='word_1_32' title='bbox 352 761 540 827; x_wconf 85' lang='lat' dir='ltr'>portaretur,</span> <span class='ocrx_word' id='word_1_33' title='bbox 565 745 730 812; x_wconf 74' lang='lat' dir='ltr'>scribitur:</span> <span class='ocrx_word' id='word_1_34' title='bbox 765 744 968 828; x_wconf 84' lang='lat' dir='ltr'>stipendium,</span> <span class='ocrx_word' id='word_1_35' title='bbox 994 743 1066 817; x_wconf 92' lang='lat' dir='ltr'>alia,</span> <span class='ocrx_word' id='word_1_36' title='bbox 1092 763 1162 823; x_wconf 84' lang='lat' dir='ltr'>quae</span> <span class='ocrx_word' id='word_1_37' title='bbox 1189 744 1272 806; x_wconf 90' lang='lat' dir='ltr'>bello</span> <span class='ocrx_word' id='word_1_38' title='bbox 1294 745 1367 808; x_wconf 89' lang='lat' dir='ltr'>usui</span> 
     </span>
     <span class='ocr_line' id='line_1_6' title="bbox 172 829 1368 915; baseline -0.003 -19"><span class='ocrx_word' id='word_1_39' title='bbox 172 833 289 905; x_wconf 79' lang='lat' dir='ltr'>ferent,</span> <span class='ocrx_word' id='word_1_40' title='bbox 308 833 529 896; x_wconf 86' lang='lat' dir='ltr'>deeemuntur.</span> <span class='ocrx_word' id='word_1_41' title='bbox 583 831 631 894; x_wconf 89' lang='lat' dir='ltr'>At</span> <span class='ocrx_word' id='word_1_42' title='bbox 654 829 823 915; x_wconf 83' lang='lat' dir='ltr'>Jugurtha,</span> <span class='ocrx_word' id='word_1_43' title='bbox 845 845 951 894; x_wconf 89' lang='lat' dir='ltr'>contra</span> <span class='ocrx_word' id='word_1_44' title='bbox 973 848 1060 913; x_wconf 85' lang='lat' dir='ltr'>spem</span> <span class='ocrx_word' id='word_1_45' title='bbox 1084 829 1200 892; x_wconf 88' lang='lat' dir='ltr'>nuncio</span> <span class='ocrx_word' id='word_1_46' title='bbox 1223 847 1368 914; x_wconf 85' lang='lat' dir='ltr'>accepto,</span> 
     </span>
    </p>
   </div>
   <div class='ocr_carea' id='block_1_3' title="bbox 64 916 1371 1002">
    <p class='ocr_par' dir='ltr' id='par_1_3' title="bbox 64 916 1371 1002">
     <span class='ocr_line' id='line_1_7' title="bbox 64 916 1371 1002; baseline 0 -22"><span class='ocrx_word' id='word_1_47' title='bbox 64 986 67 994; x_wconf 56' lang='grc'>,</span> <span class='ocrx_word' id='word_1_48' title='bbox 172 918 289 1002; x_wconf 75' lang='lat' dir='ltr'>quippe</span> <span class='ocrx_word' id='word_1_49' title='bbox 305 917 367 992; x_wconf 88' lang='lat' dir='ltr'>cui,</span> <span class='ocrx_word' id='word_1_50' title='bbox 384 916 494 980; x_wconf 76' lang='lat' dir='ltr'>Romae</span> <span class='ocrx_word' id='word_1_51' title='bbox 510 917 615 982; x_wconf 84' lang='lat' dir='ltr'>omnia</span> <span class='ocrx_word' id='word_1_52' title='bbox 631 920 768 988; x_wconf 77' lang='lat' dir='ltr'>¹venum</span> <span class='ocrx_word' id='word_1_53' title='bbox 788 918 851 991; x_wconf 79' lang='lat' dir='ltr'>ire,¹</span> <span class='ocrx_word' id='word_1_54' title='bbox 860 917 891 978; x_wconf 86' lang='lat' dir='ltr'>in</span> <span class='ocrx_word' id='word_1_55' title='bbox 908 916 1014 980; x_wconf 87' lang='lat' dir='ltr'>animo</span> <span class='ocrx_word' id='word_1_56' title='bbox 1027 917 1178 979; x_wconf 75' lang='lat' dir='ltr'>haeseratz</span> <span class='ocrx_word' id='word_1_57' title='bbox 1202 916 1317 995; x_wconf 87' lang='lat' dir='ltr'>lilium,</span> <span class='ocrx_word' id='word_1_58' title='bbox 1336 934 1371 980; x_wconf 81' lang='lat' dir='ltr'>&#39;et</span> 
     </span>
    </p>
   </div>
   <div class='ocr_carea' id='block_1_4' title="bbox 132 1002 1370 1429">
    <p class='ocr_par' dir='ltr' id='par_1_4' title="bbox 132 1002 1370 1429">
     <span class='ocr_line' id='line_1_8' title="bbox 172 1002 1370 1084; baseline 0 -18"><span class='ocrx_word' id='word_1_59' title='bbox 172 1025 245 1070; x_wconf 87' lang='lat' dir='ltr'>cum</span> <span class='ocrx_word' id='word_1_60' title='bbox 260 1025 299 1066; x_wconf 90' lang='lat' dir='ltr'>eo</span> <span class='ocrx_word' id='word_1_61' title='bbox 309 1005 388 1066; x_wconf 87' lang='lat' dir='ltr'>duos</span> <span class='ocrx_word' id='word_1_62' title='bbox 398 1002 568 1068; x_wconf 74' lang='lat' dir='ltr'>familiares</span> <span class='ocrx_word' id='word_1_63' title='bbox 578 1003 618 1069; x_wconf 84' lang='lat' dir='ltr'>ad</span> <span class='ocrx_word' id='word_1_64' title='bbox 634 1021 776 1066; x_wconf 77' lang='lat' dir='ltr'>senatum</span> <span class='ocrx_word' id='word_1_65' title='bbox 788 1003 909 1084; x_wconf 82' lang='lat' dir='ltr'>legatos</span> <span class='ocrx_word' id='word_1_66' title='bbox 920 1003 1016 1064; x_wconf 89' lang='lat' dir='ltr'>mittit</span> <span class='ocrx_word' id='word_1_67' title='bbox 1027 1027 1035 1075; x_wconf 69' lang='grc' dir='ltr'><strong><em>ς</em></strong></span> <span class='ocrx_word' id='word_1_68' title='bbox 1046 1003 1202 1082; x_wconf 86' lang='lat' dir='ltr'>iisque,ut</span> <span class='ocrx_word' id='word_1_69' title='bbox 1211 1002 1273 1065; x_wconf 91' lang='lat' dir='ltr'>illis</span> <span class='ocrx_word' id='word_1_70' title='bbox 1287 1024 1370 1084; x_wconf 88' lang='lat' dir='ltr'>quos</span> 
     </span>
     <span class='ocr_line' id='line_1_9' title="bbox 172 1087 1369 1172; baseline -0.003 -18"><span class='ocrx_word' id='word_1_71' title='bbox 172 1088 358 1172; x_wconf 82' lang='lat' dir='ltr'>Hiempsale</span> <span class='ocrx_word' id='word_1_72' title='bbox 373 1088 538 1156; x_wconf 82' lang='lat' dir='ltr'>interfecto</span> <span class='ocrx_word' id='word_1_73' title='bbox 553 1087 690 1164; x_wconf 75' lang='lat' dir='ltr'>miserat,</span> <span class='ocrx_word' id='word_1_74' title='bbox 705 1089 855 1172; x_wconf 75' lang='lat' dir='ltr'>praecipit,</span> <span class='ocrx_word' id='word_1_75' title='bbox 870 1109 979 1150; x_wconf 90' lang='lat' dir='ltr'>omnes</span> <span class='ocrx_word' id='word_1_76' title='bbox 994 1089 1143 1153; x_wconf 81' lang='lat' dir='ltr'>mortales</span> <span class='ocrx_word' id='word_1_77' title='bbox 1162 1089 1294 1172; x_wconf 74' lang='lat' dir='ltr'>pecunia</span> <span class='ocrx_word' id='word_1_78' title='bbox 1311 1112 1369 1172; x_wconf 84' lang='lat' dir='ltr'>ag·</span> 
     </span>
     <span class='ocr_line' id='line_1_10' title="bbox 172 1171 1369 1261; baseline -0.002 -23"><span class='ocrx_word' id='word_1_79' title='bbox 172 1176 374 1260; x_wconf 75' lang='lat' dir='ltr'>grediamure</span> <span class='ocrx_word' id='word_1_80' title='bbox 397 1175 452 1258; x_wconf 92' lang='lat' dir='ltr'>qui</span> <span class='ocrx_word' id='word_1_81' title='bbox 478 1189 646 1260; x_wconf 80' lang='lat' dir='ltr'>postquam</span> <span class='ocrx_word' id='word_1_82' title='bbox 668 1173 804 1238; x_wconf 78' lang='lat' dir='ltr'>Romam</span> <span class='ocrx_word' id='word_1_83' title='bbox 825 1173 1044 1247; x_wconf 87' lang='lat' dir='ltr'>adventabant,</span> <span class='ocrx_word' id='word_1_84' title='bbox 1065 1171 1234 1261; x_wconf 28' lang='lat' dir='ltr'>senatus-ri</span> <span class='ocrx_word' id='word_1_85' title='bbox 1257 1177 1369 1240; x_wconf 72' lang='lat' dir='ltr'>Bestia</span> 
     </span>
     <span class='ocr_line' id='line_1_11' title="bbox 172 1260 1369 1346; baseline 0.002 -22"><span class='ocrx_word' id='word_1_86' title='bbox 172 1263 333 1324; x_wconf 87' lang='lat' dir='ltr'>consultus</span> <span class='ocrx_word' id='word_1_87' title='bbox 358 1275 417 1337; x_wconf 86' lang='lat' dir='ltr'>est,</span> <span class='ocrx_word' id='word_1_88' title='bbox 436 1262 612 1346; x_wconf 80' lang='lat' dir='ltr'>placeretne</span> <span class='ocrx_word' id='word_1_89' title='bbox 634 1261 754 1342; x_wconf 86' lang='lat' dir='ltr'>legatos</span> <span class='ocrx_word' id='word_1_90' title='bbox 777 1261 941 1340; x_wconf 79' lang='lat' dir='ltr'>Jugurthae</span> <span class='ocrx_word' id='word_1_91' title='bbox 961 1260 1058 1341; x_wconf 80' lang='lat' dir='ltr'>recipi</span> <span class='ocrx_word' id='word_1_92' title='bbox 1082 1261 1255 1334; x_wconf 78' lang='lat' dir='ltr'>mrembus3</span> <span class='ocrx_word' id='word_1_93' title='bbox 1279 1262 1369 1344; x_wconf 83' lang='lat' dir='ltr'>iique</span> 
     </span>
     <span class='ocr_line' id='line_1_12' title="bbox 132 1345 1370 1429; baseline 0.002 -21"><span class='ocrx_word' id='word_1_94' title='bbox 132 1400 135 1408; x_wconf 94' lang='lat'><em>.</em></span> <span class='ocrx_word' id='word_1_95' title='bbox 171 1347 358 1421; x_wconf 69' lang='lat' dir='ltr'>decrevere,</span> <span class='ocrx_word' id='word_1_96' title='bbox 378 1349 409 1413; x_wconf 90' lang='lat' dir='ltr'>ni</span> <span class='ocrx_word' id='word_1_97' title='bbox 433 1367 579 1426; x_wconf 78' lang='lat' dir='ltr'>regnum,</span> <span class='ocrx_word' id='word_1_98' title='bbox 596 1346 764 1429; x_wconf 83' lang='lat' dir='ltr'>ipsumque</span> <span class='ocrx_word' id='word_1_99' title='bbox 787 1346 932 1412; x_wconf 85' lang='lat' dir='ltr'>deditum</span> <span class='ocrx_word' id='word_1_100' title='bbox 954 1345 1231 1422; x_wconf 63' lang='lat' dir='ltr'>recisamentis</span> <span class='ocrx_word' id='word_1_101' title='bbox 1254 1347 1370 1414; x_wconf 85' lang='lat' dir='ltr'>diebus</span> 
     </span>
    </p>
   </div>
   <div class='ocr_carea' id='block_1_5' title="bbox 5 1431 1368 1528">
    <p class='ocr_par' dir='ltr' id='par_1_5' title="bbox 5 1431 1368 1528">
     <span class='ocr_line' id='line_1_13' title="bbox 5 1431 1368 1528; baseline 0.002 -33"><span class='ocrx_word' id='word_1_102' title='bbox 5 1517 8 1528; x_wconf 41' lang='grc' dir='ltr'>Ι</span> <span class='ocrx_word' id='word_1_103' title='bbox 112 1470 114 1480; x_wconf 70' lang='lat'>,</span> <span class='ocrx_word' id='word_1_104' title='bbox 172 1435 326 1518; x_wconf 87' lang='lat' dir='ltr'>proximis</span> <span class='ocrx_word' id='word_1_105' title='bbox 341 1435 452 1499; x_wconf 85' lang='lat' dir='ltr'>decern</span> <span class='ocrx_word' id='word_1_106' title='bbox 471 1433 560 1500; x_wconf 66' lang='lat' dir='ltr'>Italis</span> <span class='ocrx_word' id='word_1_107' title='bbox 576 1432 775 1497; x_wconf 81' lang='lat' dir='ltr'>decederent.</span> <span class='ocrx_word' id='word_1_108' title='bbox 803 1431 921 1497; x_wconf 86' lang='lat' dir='ltr'>Consul</span> <span class='ocrx_word' id='word_1_109' title='bbox 940 1431 1094 1497; x_wconf 89' lang='lat' dir='ltr'>Numidis</span> <span class='ocrx_word' id='word_1_110' title='bbox 1110 1453 1151 1496; x_wconf 81' lang='lat' dir='ltr'>ex</span> <span class='ocrx_word' id='word_1_111' title='bbox 1165 1436 1293 1498; x_wconf 76' lang='lat' dir='ltr'>senatus</span> <span class='ocrx_word' id='word_1_112' title='bbox 1310 1435 1368 1498; x_wconf 86' lang='lat' dir='ltr'>de·</span> 
     </span>
    </p>
   </div>
   <div class='ocr_carea' id='block_1_6' title="bbox 107 1516 1371 1774">
    <p class='ocr_par' dir='ltr' id='par_1_6' title="bbox 107 1516 1371 1774">
     <span class='ocr_line' id='line_1_14' title="bbox 162 1516 1371 1602; baseline 0 -18"><span class='ocrx_word' id='word_1_113' title='bbox 162 1519 260 1584; x_wconf 66' lang='lat' dir='ltr'>&#39;&#39;creto</span> <span class='ocrx_word' id='word_1_114' title='bbox 276 1519 417 1588; x_wconf 71' lang='lat' dir='ltr'>nunciati</span> <span class='ocrx_word' id='word_1_115' title='bbox 429 1519 531 1602; x_wconf 85' lang='lat' dir='ltr'>jubet.</span> <span class='ocrx_word' id='word_1_116' title='bbox 571 1517 620 1585; x_wconf 89' lang='lat' dir='ltr'>Ita</span> <span class='ocrx_word' id='word_1_117' title='bbox 636 1516 760 1580; x_wconf 84' lang='lat' dir='ltr'>infectis</span> <span class='ocrx_word' id='word_1_118' title='bbox 775 1519 869 1580; x_wconf 89' lang='lat' dir='ltr'>rebus</span> <span class='ocrx_word' id='word_1_119' title='bbox 885 1518 929 1594; x_wconf 90' lang='lat' dir='ltr'>illi</span> <span class='ocrx_word' id='word_1_120' title='bbox 946 1517 1077 1590; x_wconf 84' lang='lat' dir='ltr'>domum</span> <span class='ocrx_word' id='word_1_121' title='bbox 1096 1519 1276 1582; x_wconf 75' lang='lat' dir='ltr'>discedunt.</span> <span class='ocrx_word' id='word_1_122' title='bbox 1314 1522 1371 1584; x_wconf 76' lang='lat' dir='ltr'>ln-</span> 
     </span>
     <span class='ocr_line' id='line_1_15' title="bbox 107 1599 1371 1694; baseline 0.001 -25"><span class='ocrx_word' id='word_1_123' title='bbox 107 1625 127 1680; x_wconf 82' lang='grc'>’,</span> <span class='ocrx_word' id='word_1_124' title='bbox 171 1607 266 1671; x_wconf 86' lang='lat' dir='ltr'>terim</span> <span class='ocrx_word' id='word_1_125' title='bbox 292 1605 493 1694; x_wconf 66' lang='lat' dir='ltr'>Calpurnius,</span> <span class='ocrx_word' id='word_1_126' title='bbox 521 1617 629 1684; x_wconf 82' lang='lat' dir='ltr'>pareto</span> <span class='ocrx_word' id='word_1_127' title='bbox 652 1603 805 1677; x_wconf 80' lang='lat' dir='ltr'>exercitu,</span> <span class='ocrx_word' id='word_1_128' title='bbox 826 1599 953 1686; x_wconf 74' lang='lat' dir='ltr'>adlegat</span> <span class='ocrx_word' id='word_1_129' title='bbox 979 1604 1039 1668; x_wconf 89' lang='lat' dir='ltr'>sibi</span> <span class='ocrx_word' id='word_1_130' title='bbox 1067 1604 1210 1669; x_wconf 85' lang='lat' dir='ltr'>homines</span> <span class='ocrx_word' id='word_1_131' title='bbox 1234 1607 1371 1684; x_wconf 79' lang='lat' dir='ltr'>nobiles,</span> 
     </span>
     <span class='ocr_line' id='line_1_16' title="bbox 117 1688 1368 1774; baseline 0.003 -22"><span class='ocrx_word' id='word_1_132' title='bbox 117 1693 120 1702; x_wconf 85' lang='lat'>&#39;</span> <span class='ocrx_word' id='word_1_133' title='bbox 172 1689 333 1763; x_wconf 83' lang='lat' dir='ltr'>factiosos,&#39;</span> <span class='ocrx_word' id='word_1_134' title='bbox 342 1709 476 1770; x_wconf 85' lang='lat' dir='ltr'>quorum</span> <span class='ocrx_word' id='word_1_135' title='bbox 494 1689 772 1772; x_wconf 56' lang='lat' dir='ltr'>auctoritateque</span> <span class='ocrx_word' id='word_1_136' title='bbox 789 1689 984 1770; x_wconf 84' lang='lat' dir='ltr'>deliquisset,</span> <span class='ocrx_word' id='word_1_137' title='bbox 993 1691 1113 1754; x_wconf 86' lang='lat' dir='ltr'>munita</span> <span class='ocrx_word' id='word_1_138' title='bbox 1129 1688 1197 1754; x_wconf 77' lang='lat' dir='ltr'>lore</span> <span class='ocrx_word' id='word_1_139' title='bbox 1211 1693 1368 1774; x_wconf 77' lang='lat' dir='ltr'>sperabat,</span> 
     </span>
    </p>
   </div>
   <div class='ocr_carea' id='block_1_7' title="bbox 69 1774 1367 1858">
    <p class='ocr_par' dir='ltr' id='par_1_7' title="bbox 69 1774 1367 1858">
     <span class='ocr_line' id='line_1_17' title="bbox 69 1774 1367 1858; baseline 0.003 -20"><span class='ocrx_word' id='word_1_140' title='bbox 69 1839 75 1852; x_wconf 73' lang='grc'>,</span> <span class='ocrx_word' id='word_1_141' title='bbox 172 1776 207 1838; x_wconf 88' lang='lat' dir='ltr'>in</span> <span class='ocrx_word' id='word_1_142' title='bbox 222 1775 294 1858; x_wconf 86' lang='lat' dir='ltr'>quis</span> <span class='ocrx_word' id='word_1_143' title='bbox 306 1775 366 1842; x_wconf 84' lang='lat' dir='ltr'>fuit</span> <span class='ocrx_word' id='word_1_144' title='bbox 381 1776 530 1850; x_wconf 77' lang='lat' dir='ltr'>Securus,</span> <span class='ocrx_word' id='word_1_145' title='bbox 544 1774 635 1858; x_wconf 84' lang='lat' dir='ltr'>cujus</span> <span class='ocrx_word' id='word_1_146' title='bbox 651 1775 691 1838; x_wconf 84' lang='lat' dir='ltr'>de</span> <span class='ocrx_word' id='word_1_147' title='bbox 706 1778 861 1840; x_wconf 74' lang='lat' dir='ltr'>naturast</span> <span class='ocrx_word' id='word_1_148' title='bbox 876 1775 983 1839; x_wconf 87' lang='lat' dir='ltr'>habitu</span> <span class='ocrx_word' id='word_1_149' title='bbox 1000 1774 1094 1858; x_wconf 80' lang='lat' dir='ltr'>supral</span> <span class='ocrx_word' id='word_1_150' title='bbox 1105 1777 1367 1842; x_wconf 82' lang='lat' dir='ltr'>memoravimus.</span> 
     </span>
    </p>
   </div>
   <div class='ocr_carea' id='block_1_8' title="bbox 87 3882 942 3957">
    <p class='ocr_par' dir='ltr' id='par_1_8' title="bbox 87 3882 942 3957">
     <span class='ocr_line' id='line_1_18' title="bbox 87 3882 942 3957; baseline 0.013 -26"><span class='ocrx_word' id='word_1_151' title='bbox 87 3908 89 3912; x_wconf 85' lang='lat'><em>.</em></span> <span class='ocrx_word' id='word_1_152' title='bbox 172 3882 312 3936; x_wconf 74' lang='lat' dir='ltr'>consulatu</span> <span class='ocrx_word' id='word_1_153' title='bbox 321 3894 452 3936; x_wconf 85' lang='lat' dir='ltr'>mortuum</span> <span class='ocrx_word' id='word_1_154' title='bbox 465 3903 526 3940; x_wconf 86' lang='lat' dir='ltr'>esse</span> <span class='ocrx_word' id='word_1_155' title='bbox 538 3888 614 3938; x_wconf 86' lang='lat' dir='ltr'>dicit.</span> <span class='ocrx_word' id='word_1_156' title='bbox 814 3907 834 3957; x_wconf 75' lang='lat' dir='ltr'>g</span> <span class='ocrx_word' id='word_1_157' title='bbox 852 3893 942 3956; x_wconf 61' lang='lat' dir='ltr'>deperi</span> 
     </span>
    </p>
   </div>
   <div class='ocr_carea' id='block_1_9' title="bbox 120 1861 1372 2634">
    <p class='ocr_par' dir='ltr' id='par_1_9' title="bbox 120 1861 1372 2634">
     <span class='ocr_line' id='line_1_19' title="bbox 173 1861 1368 1947; baseline 0.005 -25"><span class='ocrx_word' id='word_1_158' title='bbox 173 1861 262 1937; x_wconf 78' lang='lat' dir='ltr'>Nam</span> <span class='ocrx_word' id='word_1_159' title='bbox 287 1862 466 1932; x_wconf 83' lang='lat' dir='ltr'>in&#39;consule</span> <span class='ocrx_word' id='word_1_160' title='bbox 491 1875 598 1930; x_wconf 81' lang='lat' dir='ltr'>nostro</span> <span class='ocrx_word' id='word_1_161' title='bbox 619 1861 730 1923; x_wconf 82' lang='lat' dir='ltr'>multae</span> <span class='ocrx_word' id='word_1_162' title='bbox 752 1861 907 1943; x_wconf 82' lang='lat' dir='ltr'>bonaeque</span> <span class='ocrx_word' id='word_1_163' title='bbox 934 1875 1017 1924; x_wconf 89' lang='lat' dir='ltr'>artes</span> <span class='ocrx_word' id='word_1_164' title='bbox 1037 1863 1147 1939; x_wconf 81' lang='lat' dir='ltr'>animi,</span> <span class='ocrx_word' id='word_1_165' title='bbox 1172 1879 1204 1926; x_wconf 91' lang='lat' dir='ltr'>et</span> <span class='ocrx_word' id='word_1_166' title='bbox 1225 1866 1368 1947; x_wconf 87' lang='lat' dir='ltr'>corporis</span> 
     </span>
     <span class='ocr_line' id='line_1_20' title="bbox 173 1945 1371 2030; baseline 0.003 -20"><span class='ocrx_word' id='word_1_167' title='bbox 173 1959 273 2023; x_wconf 85' lang='lat' dir='ltr'>erant,</span> <span class='ocrx_word' id='word_1_168' title='bbox 288 1967 366 2029; x_wconf 88' lang='lat' dir='ltr'>quas</span> <span class='ocrx_word' id='word_1_169' title='bbox 379 1948 483 2012; x_wconf 84' lang='lat' dir='ltr'>omnis</span> <span class='ocrx_word' id='word_1_170' title='bbox 503 1946 634 2010; x_wconf 81' lang='lat' dir='ltr'>avaritia</span> <span class='ocrx_word' id='word_1_171' title='bbox 654 1947 873 2030; x_wconf 66' lang='lat' dir='ltr'>prepediebst.</span> <span class='ocrx_word' id='word_1_172' title='bbox 919 1945 1046 2012; x_wconf 85' lang='lat' dir='ltr'>Patiens</span> <span class='ocrx_word' id='word_1_173' title='bbox 1064 1949 1221 2029; x_wconf 87' lang='lat' dir='ltr'>laborum,</span> <span class='ocrx_word' id='word_1_174' title='bbox 1238 1953 1302 2016; x_wconf 86' lang='lat' dir='ltr'>acri</span> <span class='ocrx_word' id='word_1_175' title='bbox 1321 1953 1371 2014; x_wconf 85' lang='lat' dir='ltr'>in·</span> 
     </span>
     <span class='ocr_line' id='line_1_21' title="bbox 174 2029 1369 2134; baseline 0.005 -40"><span class='ocrx_word' id='word_1_176' title='bbox 174 2033 279 2118; x_wconf 82' lang='lat' dir='ltr'>genio,</span> <span class='ocrx_word' id='word_1_177' title='bbox 295 2029 371 2104; x_wconf 80' lang='lat' dir='ltr'>satis</span> <span class='ocrx_word' id='word_1_178' title='bbox 386 2034 568 2134; x_wconf 86' lang='lat' dir='ltr'>providens,</span> <span class='ocrx_word' id='word_1_179' title='bbox 583 2033 657 2097; x_wconf 88' lang='lat' dir='ltr'>belli</span> <span class='ocrx_word' id='word_1_180' title='bbox 675 2032 759 2096; x_wconf 88' lang='lat' dir='ltr'>haud</span> <span class='ocrx_word' id='word_1_181' title='bbox 785 2032 923 2116; x_wconf 84' lang='lat' dir='ltr'>ignarus,</span> <span class='ocrx_word' id='word_1_182' title='bbox 940 2033 1141 2100; x_wconf 83' lang='lat' dir='ltr'>firmissimus</span> <span class='ocrx_word' id='word_1_183' title='bbox 1161 2049 1270 2100; x_wconf 86' lang='lat' dir='ltr'>contra</span> <span class='ocrx_word' id='word_1_184' title='bbox 1285 2038 1369 2121; x_wconf 90' lang='lat' dir='ltr'>peri·</span> 
     </span>
     <span class='ocr_line' id='line_1_22' title="bbox 173 2118 1369 2204; baseline 0.002 -22"><span class='ocrx_word' id='word_1_185' title='bbox 173 2120 244 2182; x_wconf 83' lang='lat' dir='ltr'>ctrla</span> <span class='ocrx_word' id='word_1_186' title='bbox 259 2133 292 2182; x_wconf 87' lang='lat' dir='ltr'>et</span> <span class='ocrx_word' id='word_1_187' title='bbox 306 2119 447 2184; x_wconf 81' lang='lat' dir='ltr'>insidias.</span> <span class='ocrx_word' id='word_1_188' title='bbox 491 2118 556 2184; x_wconf 82' lang='lat' dir='ltr'>sed</span> <span class='ocrx_word' id='word_1_189' title='bbox 577 2119 718 2198; x_wconf 83' lang='lat' dir='ltr'>legiones</span> <span class='ocrx_word' id='word_1_190' title='bbox 738 2139 795 2201; x_wconf 87' lang='lat' dir='ltr'>per</span> <span class='ocrx_word' id='word_1_191' title='bbox 813 2119 938 2186; x_wconf 87' lang='lat' dir='ltr'>Italiam</span> <span class='ocrx_word' id='word_1_192' title='bbox 960 2119 1159 2204; x_wconf 62' lang='lat' dir='ltr'>‘Rhegium</span> <span class='ocrx_word' id='word_1_193' title='bbox 1175 2137 1269 2204; x_wconf 87' lang='lat' dir='ltr'>atquc</span> <span class='ocrx_word' id='word_1_194' title='bbox 1290 2125 1369 2188; x_wconf 85' lang='lat' dir='ltr'>inde</span> 
     </span>
     <span class='ocr_line' id='line_1_23' title="bbox 173 2201 1370 2296; baseline 0.008 -30"><span class='ocrx_word' id='word_1_195' title='bbox 173 2201 346 2280; x_wconf 74' lang='lat' dir='ltr'>fSiciliam,</span> <span class='ocrx_word' id='word_1_196' title='bbox 362 2204 457 2287; x_wconf 81' lang='lat' dir='ltr'>porrd</span> <span class='ocrx_word' id='word_1_197' title='bbox 479 2225 520 2266; x_wconf 81' lang='lat' dir='ltr'>ex</span> <span class='ocrx_word' id='word_1_198' title='bbox 533 2203 639 2266; x_wconf 72' lang='lat' dir='ltr'>steina</span> <span class='ocrx_word' id='word_1_199' title='bbox 661 2204 693 2268; x_wconf 90' lang='lat' dir='ltr'>in</span> <span class='ocrx_word' id='word_1_200' title='bbox 710 2203 856 2268; x_wconf 85' lang='lat' dir='ltr'>Africam</span> <span class='ocrx_word' id='word_1_201' title='bbox 873 2219 1070 2289; x_wconf 77' lang='lat' dir='ltr'>transvertas.</span> <span class='ocrx_word' id='word_1_202' title='bbox 1115 2205 1219 2290; x_wconf 82' lang='lat' dir='ltr'>Igitur</span> <span class='ocrx_word' id='word_1_203' title='bbox 1236 2209 1370 2296; x_wconf 87' lang='lat' dir='ltr'>Calpur·</span> 
     </span>
     <span class='ocr_line' id='line_1_24' title="bbox 172 2289 1371 2378; baseline 0.005 -24"><span class='ocrx_word' id='word_1_204' title='bbox 172 2291 245 2354; x_wconf 88' lang='lat' dir='ltr'>nius</span> <span class='ocrx_word' id='word_1_205' title='bbox 268 2290 358 2361; x_wconf 87' lang='lat' dir='ltr'>initio</span> <span class='ocrx_word' id='word_1_206' title='bbox 380 2290 496 2374; x_wconf 87' lang='lat' dir='ltr'>paratis</span> <span class='ocrx_word' id='word_1_207' title='bbox 518 2289 759 2367; x_wconf 77' lang='lat' dir='ltr'>commeatibus,</span> <span class='ocrx_word' id='word_1_208' title='bbox 773 2291 887 2360; x_wconf 81' lang='lat' dir='ltr'>aeriter</span> <span class='ocrx_word' id='word_1_209' title='bbox 910 2291 1101 2358; x_wconf 88' lang='lat' dir='ltr'>Numidiam</span> <span class='ocrx_word' id='word_1_210' title='bbox 1120 2293 1282 2378; x_wconf 84' lang='lat' dir='ltr'>ingressus</span> <span class='ocrx_word' id='word_1_211' title='bbox 1302 2313 1371 2370; x_wconf 88' lang='lat' dir='ltr'>cst;</span> 
     </span>
     <span class='ocr_line' id='line_1_25' title="bbox 126 2375 1370 2464; baseline 0.006 -24"><span class='ocrx_word' id='word_1_212' title='bbox 126 2399 129 2416; x_wconf 87' lang='grc'><em>·</em></span> <span class='ocrx_word' id='word_1_213' title='bbox 171 2375 354 2462; x_wconf 78' lang='lat' dir='ltr'>multosque</span> <span class='ocrx_word' id='word_1_214' title='bbox 370 2377 529 2454; x_wconf 81' lang='lat' dir='ltr'>mortales,</span> <span class='ocrx_word' id='word_1_215' title='bbox 544 2391 576 2440; x_wconf 92' lang='lat' dir='ltr'>et</span> <span class='ocrx_word' id='word_1_216' title='bbox 591 2378 685 2438; x_wconf 88' lang='lat' dir='ltr'>urbes</span> <span class='ocrx_word' id='word_1_217' title='bbox 700 2375 823 2458; x_wconf 79' lang='lat' dir='ltr'>aliquot</span> <span class='ocrx_word' id='word_1_218' title='bbox 835 2379 1004 2462; x_wconf 82' lang='lat' dir='ltr'>pugnando</span> <span class='ocrx_word' id='word_1_219' title='bbox 1020 2378 1113 2460; x_wconf 88' lang='lat' dir='ltr'>capit.</span> <span class='ocrx_word' id='word_1_220' title='bbox 1159 2379 1225 2452; x_wconf 79' lang='lat' dir='ltr'>Sed</span> <span class='ocrx_word' id='word_1_221' title='bbox 1239 2383 1292 2446; x_wconf 92' lang='lat' dir='ltr'>ubi</span> <span class='ocrx_word' id='word_1_222' title='bbox 1309 2384 1370 2464; x_wconf 90' lang='lat' dir='ltr'>Ju-</span> 
     </span>
     <span class='ocr_line' id='line_1_26' title="bbox 120 2459 1370 2546; baseline 0.01 -25"><span class='ocrx_word' id='word_1_223' title='bbox 120 2459 126 2472; x_wconf 90' lang='lat'>&#39;</span> <span class='ocrx_word' id='word_1_224' title='bbox 174 2459 298 2542; x_wconf 73' lang='lat' dir='ltr'>gurtha</span> <span class='ocrx_word' id='word_1_225' title='bbox 310 2483 367 2546; x_wconf 88' lang='lat' dir='ltr'>per</span> <span class='ocrx_word' id='word_1_226' title='bbox 388 2462 509 2546; x_wconf 79' lang='lat' dir='ltr'>lagatos</span> <span class='ocrx_word' id='word_1_227' title='bbox 539 2461 669 2546; x_wconf 70' lang='lat' dir='ltr'>pecunia</span> <span class='ocrx_word' id='word_1_228' title='bbox 690 2477 821 2540; x_wconf 83' lang='lat' dir='ltr'>tentare,</span> <span class='ocrx_word' id='word_1_229' title='bbox 844 2463 980 2546; x_wconf 86' lang='lat' dir='ltr'>bellique</span> <span class='ocrx_word' id='word_1_230' title='bbox 1004 2465 1090 2546; x_wconf 87' lang='lat' dir='ltr'>quod</span> <span class='ocrx_word' id='word_1_231' title='bbox 1118 2466 1370 2535; x_wconf 83' lang='lat' dir='ltr'>administrabat.</span> 
     </span>
     <span class='ocr_line' id='line_1_27' title="bbox 172 2548 1372 2634; baseline 0.01 -24"><span class='ocrx_word' id='word_1_232' title='bbox 172 2548 688 2634; x_wconf 65' lang='lat' dir='ltr'>[asperitatemostenderecoepit;</span> <span class='ocrx_word' id='word_1_233' title='bbox 705 2549 829 2612; x_wconf 87' lang='lat' dir='ltr'>animus</span> <span class='ocrx_word' id='word_1_234' title='bbox 838 2570 922 2634; x_wconf 73' lang='lat' dir='ltr'>ager</span> <span class='ocrx_word' id='word_1_235' title='bbox 931 2550 1060 2613; x_wconf 78' lang='lat' dir='ltr'>avaritiis</span> <span class='ocrx_word' id='word_1_236' title='bbox 1071 2550 1162 2614; x_wconf 84' lang='lat' dir='ltr'>facile</span> <span class='ocrx_word' id='word_1_237' title='bbox 1173 2549 1372 2622; x_wconf 81' lang='lat' dir='ltr'>hconversus</span> 
     </span>
    </p>
   </div>
   <div class='ocr_carea' id='block_1_10' title="bbox 593 2683 1016 2772">
    <p class='ocr_par' dir='ltr' id='par_1_10' title="bbox 593 2683 1016 2772">
     <span class='ocr_line' id='line_1_28' title="bbox 593 2683 1016 2772; baseline 0.002 0"><span class='ocrx_word' id='word_1_238' title='bbox 593 2699 594 2706; x_wconf 70' lang='grc'>’</span> <span class='ocrx_word' id='word_1_239' title='bbox 618 2720 922 2772; x_wconf 71' lang='lat' dir='ltr'>rnrnnennrnrm.</span> <span class='ocrx_word' id='word_1_240' title='bbox 998 2683 1016 2705; x_wconf 42' lang='grc' dir='ltr'>Ἀ</span> 
     </span>
    </p>
   </div>
   <div class='ocr_carea' id='block_1_11' title="bbox 174 2817 1374 3092">
    <p class='ocr_par' dir='ltr' id='par_1_11' title="bbox 174 2817 1374 3092">
     <span class='ocr_line' id='line_1_29' title="bbox 200 2817 1372 2922; baseline 0.009 -31"><span class='ocrx_word' id='word_1_241' title='bbox 200 2817 228 2868; x_wconf 75' lang='lat'>&#39;¹</span> <span class='ocrx_word' id='word_1_242' title='bbox 254 2829 379 2918; x_wconf 61' lang='lat' dir='ltr'>Quippe</span> <span class='ocrx_word' id='word_1_243' title='bbox 399 2835 453 2917; x_wconf 83' lang='lat' dir='ltr'>qui</span> <span class='ocrx_word' id='word_1_244' title='bbox 469 2845 603 2916; x_wconf 84' lang='lat' dir='ltr'>prorsus</span> <span class='ocrx_word' id='word_1_245' title='bbox 624 2831 762 2902; x_wconf 66' lang='lat' dir='ltr'>credent</span> <span class='ocrx_word' id='word_1_246' title='bbox 826 2831 1043 2916; x_wconf 80' lang='lat' dir='ltr'>³Celpurnius</span> <span class='ocrx_word' id='word_1_247' title='bbox 1064 2836 1192 2904; x_wconf 70' lang='lat' dir='ltr'>assumit</span> <span class='ocrx_word' id='word_1_248' title='bbox 1207 2835 1269 2896; x_wconf 80' lang='lat' dir='ltr'>sibi</span> <span class='ocrx_word' id='word_1_249' title='bbox 1282 2839 1372 2922; x_wconf 81' lang='lat' dir='ltr'>lega·</span> 
     </span>
     <span class='ocr_line' id='line_1_30' title="bbox 174 2919 1370 3009; baseline 0.005 -27"><span class='ocrx_word' id='word_1_250' title='bbox 174 2919 276 2982; x_wconf 75' lang='lat' dir='ltr'>omnia</span> <span class='ocrx_word' id='word_1_251' title='bbox 289 2919 394 2982; x_wconf 72' lang='lat' dir='ltr'>Rome</span> <span class='ocrx_word' id='word_1_252' title='bbox 409 2941 474 2984; x_wconf 82' lang='lat' dir='ltr'>esse</span> <span class='ocrx_word' id='word_1_253' title='bbox 488 2920 618 2982; x_wconf 79' lang='lat' dir='ltr'>venalia.</span> <span class='ocrx_word' id='word_1_254' title='bbox 783 2932 829 2982; x_wconf 83' lang='lat' dir='ltr'>tos</span> <span class='ocrx_word' id='word_1_255' title='bbox 844 2921 979 2982; x_wconf 82' lang='lat' dir='ltr'>homines</span> <span class='ocrx_word' id='word_1_256' title='bbox 990 2920 1282 3006; x_wconf 82' lang='lat' dir='ltr'>nobiles‚soetiasor,</span> <span class='ocrx_word' id='word_1_257' title='bbox 1292 2945 1370 3009; x_wconf 85' lang='lat' dir='ltr'>quo·</span> 
     </span>
     <span class='ocr_line' id='line_1_31' title="bbox 215 3005 1374 3092; baseline 0.009 -27"><span class='ocrx_word' id='word_1_258' title='bbox 215 3007 230 3042; x_wconf 80' lang='lat'>²</span> <span class='ocrx_word' id='word_1_259' title='bbox 251 3027 291 3077; x_wconf 75' lang='lat' dir='ltr'>as</span> <span class='ocrx_word' id='word_1_260' title='bbox 300 3005 445 3088; x_wconf 73' lang='lat' dir='ltr'>precipit</span> <span class='ocrx_word' id='word_1_261' title='bbox 456 3017 491 3068; x_wconf 81' lang='lat' dir='ltr'>ut</span> <span class='ocrx_word' id='word_1_262' title='bbox 502 3007 636 3092; x_wconf 62' lang='lat' dir='ltr'>weron,</span> <span class='ocrx_word' id='word_1_263' title='bbox 646 3005 761 3078; x_wconf 70' lang='lat' dir='ltr'>Romae,</span> <span class='ocrx_word' id='word_1_264' title='bbox 784 3028 852 3068; x_wconf 85' lang='lat' dir='ltr'>rum</span> <span class='ocrx_word' id='word_1_265' title='bbox 873 3008 1056 3070; x_wconf 79' lang='lat' dir='ltr'>atteteritate</span> <span class='ocrx_word' id='word_1_266' title='bbox 1077 3008 1219 3090; x_wconf 83' lang='lat' dir='ltr'>sperabat</span> <span class='ocrx_word' id='word_1_267' title='bbox 1241 3020 1321 3074; x_wconf 80' lang='lat' dir='ltr'>tecta</span> <span class='ocrx_word' id='word_1_268' title='bbox 1340 3025 1374 3080; x_wconf 79' lang='lat' dir='ltr'>et</span> 
     </span>
    </p>
   </div>
   <div class='ocr_carea' id='block_1_12' title="bbox 172 3085 1293 3249">
    <p class='ocr_par' dir='ltr' id='par_1_12' title="bbox 172 3085 1293 3249">
     <span class='ocr_line' id='line_1_32' title="bbox 172 3085 1293 3243; baseline 0.004 -90"><span class='ocrx_word' id='word_1_269' title='bbox 172 3103 321 3243; x_wconf 46' lang='lat' dir='ltr'>{implentur</span> <span class='ocrx_word' id='word_1_270' title='bbox 341 3093 476 3178; x_wconf 70' lang='lat' dir='ltr'>perterriti</span> <span class='ocrx_word' id='word_1_271' title='bbox 500 3091 665 3174; x_wconf 76' lang='lat' dir='ltr'>adportes</span> <span class='ocrx_word' id='word_1_272' title='bbox 688 3112 762 3152; x_wconf 83' lang='lat' dir='ltr'>suas</span> <span class='ocrx_word' id='word_1_273' title='bbox 784 3085 1095 3180; x_wconf 71' lang='lat' dir='ltr'>impunitasorequee</span> <span class='ocrx_word' id='word_1_274' title='bbox 1107 3094 1293 3180; x_wconf 78' lang='lat' dir='ltr'>deliquisset.</span> 
     </span>
     <span class='ocr_line' id='line_1_33' title="bbox 213 3197 331 3249; baseline 0.008 -11"><span class='ocrx_word' id='word_1_275' title='bbox 213 3239 217 3249; x_wconf 77' lang='grc'><strong><em>,</em></strong></span> <span class='ocrx_word' id='word_1_276' title='bbox 234 3197 331 3246; x_wconf 79' lang='lat' dir='ltr'>urere.</span> 
     </span>
    </p>
   </div>
   <div class='ocr_carea' id='block_1_13' title="bbox 618 3303 829 3358">
    <p class='ocr_par' dir='ltr' id='par_1_13' title="bbox 618 3303 829 3358">
     <span class='ocr_line' id='line_1_34' title="bbox 618 3303 829 3358; baseline 0.009 -2"><span class='ocrx_word' id='word_1_277' title='bbox 618 3303 619 3313; x_wconf 50' lang='lat'>¹</span> <span class='ocrx_word' id='word_1_278' title='bbox 650 3345 653 3357; x_wconf 72' lang='grc'>,</span> <span class='ocrx_word' id='word_1_279' title='bbox 712 3309 829 3358; x_wconf 81' lang='lat' dir='ltr'><strong>NOTAE.</strong></span> 
     </span>
    </p>
   </div>
   <div class='ocr_carea' id='block_1_14' title="bbox 164 3404 1372 4436">
    <p class='ocr_par' dir='ltr' id='par_1_14' title="bbox 170 3404 1372 3887">
     <span class='ocr_line' id='line_1_35' title="bbox 206 3404 1370 3485; baseline 0.01 -20"><span class='ocrx_word' id='word_1_280' title='bbox 206 3412 410 3481; x_wconf 60' lang='lat' dir='ltr'>ademptorem]</span> <span class='ocrx_word' id='word_1_281' title='bbox 434 3404 604 3482; x_wconf 72' lang='lat' dir='ltr'>Sempronius</span> <span class='ocrx_word' id='word_1_282' title='bbox 622 3418 759 3474; x_wconf 81' lang='lat' dir='ltr'>Gracchus</span> <span class='ocrx_word' id='word_1_283' title='bbox 781 3418 864 3478; x_wconf 70' lang='lat' dir='ltr'>noxii.</span> <span class='ocrx_word' id='word_1_284' title='bbox 898 3410 960 3482; x_wconf 78' lang='lat' dir='ltr'>sed,</span> <span class='ocrx_word' id='word_1_285' title='bbox 982 3420 1017 3472; x_wconf 88' lang='lat' dir='ltr'>de</span> <span class='ocrx_word' id='word_1_286' title='bbox 1037 3419 1097 3472; x_wconf 85' lang='lat' dir='ltr'>istis</span> <span class='ocrx_word' id='word_1_287' title='bbox 1117 3419 1250 3485; x_wconf 85' lang='lat' dir='ltr'>omnibus,</span> <span class='ocrx_word' id='word_1_288' title='bbox 1269 3423 1323 3482; x_wconf 82' lang='lat' dir='ltr'>adi,</span> <span class='ocrx_word' id='word_1_289' title='bbox 1345 3427 1370 3477; x_wconf 88' lang='lat' dir='ltr'>si</span> 
     </span>
     <span class='ocr_line' id='line_1_36' title="bbox 170 3483 1218 3554; baseline 0.006 -20"><span class='ocrx_word' id='word_1_290' title='bbox 170 3483 260 3547; x_wconf 75' lang='lat' dir='ltr'>legem</span> <span class='ocrx_word' id='word_1_291' title='bbox 273 3484 382 3545; x_wconf 88' lang='lat' dir='ltr'>tulerat,</span> <span class='ocrx_word' id='word_1_292' title='bbox 392 3492 421 3534; x_wconf 92' lang='lat' dir='ltr'>ut</span> <span class='ocrx_word' id='word_1_293' title='bbox 438 3483 550 3550; x_wconf 84' lang='lat' dir='ltr'>singulis</span> <span class='ocrx_word' id='word_1_294' title='bbox 565 3486 640 3537; x_wconf 90' lang='lat' dir='ltr'>annis</span> <span class='ocrx_word' id='word_1_295' title='bbox 653 3495 759 3538; x_wconf 80' lang='lat' dir='ltr'>senatus</span> <span class='ocrx_word' id='word_1_296' title='bbox 782 3487 881 3551; x_wconf 86' lang='lat' dir='ltr'>placet,</span> <span class='ocrx_word' id='word_1_297' title='bbox 892 3487 1077 3538; x_wconf 86' lang='lat' dir='ltr'>doctissimum</span> <span class='ocrx_word' id='word_1_298' title='bbox 1089 3487 1218 3554; x_wconf 78' lang='lat' dir='ltr'>lipsium.</span> 
     </span>
     <span class='ocr_line' id='line_1_37' title="bbox 171 3549 1370 3622; baseline 0.011 -24"><span class='ocrx_word' id='word_1_299' title='bbox 171 3550 320 3616; x_wconf 75' lang='lat' dir='ltr'>provincias</span> <span class='ocrx_word' id='word_1_300' title='bbox 331 3549 398 3602; x_wconf 82' lang='lat' dir='ltr'>duas</span> <span class='ocrx_word' id='word_1_301' title='bbox 410 3552 572 3612; x_wconf 68' lang='lat' dir='ltr'>contentarer,</span> <span class='ocrx_word' id='word_1_302' title='bbox 581 3561 642 3604; x_wconf 82' lang='lat' dir='ltr'>ante</span> <span class='ocrx_word' id='word_1_303' title='bbox 651 3554 760 3614; x_wconf 81' lang='lat' dir='ltr'>comitia</span> <span class='ocrx_word' id='word_1_304' title='bbox 814 3555 985 3622; x_wconf 55' lang='lat' dir='ltr'>,ethegt&#39;uml</span> <span class='ocrx_word' id='word_1_305' title='bbox 1002 3554 1073 3606; x_wconf 90' lang='lat' dir='ltr'>Urbs</span> <span class='ocrx_word' id='word_1_306' title='bbox 1090 3564 1134 3606; x_wconf 88' lang='lat' dir='ltr'>est</span> <span class='ocrx_word' id='word_1_307' title='bbox 1151 3555 1177 3606; x_wconf 90' lang='lat' dir='ltr'>in</span> <span class='ocrx_word' id='word_1_308' title='bbox 1196 3557 1277 3608; x_wconf 88' lang='lat' dir='ltr'>litore</span> <span class='ocrx_word' id='word_1_309' title='bbox 1293 3559 1370 3610; x_wconf 78' lang='lat' dir='ltr'>Gala-</span> 
     </span>
     <span class='ocr_line' id='line_1_38' title="bbox 170 3617 1294 3689; baseline 0.009 -25"><span class='ocrx_word' id='word_1_310' title='bbox 170 3617 330 3676; x_wconf 80' lang='lat' dir='ltr'>consularia,</span> <span class='ocrx_word' id='word_1_311' title='bbox 347 3633 414 3684; x_wconf 85' lang='lat' dir='ltr'>quas</span> <span class='ocrx_word' id='word_1_312' title='bbox 434 3618 533 3671; x_wconf 84' lang='lat' dir='ltr'>deinde</span> <span class='ocrx_word' id='word_1_313' title='bbox 553 3620 605 3684; x_wconf 90' lang='lat' dir='ltr'>ipsi</span> <span class='ocrx_word' id='word_1_314' title='bbox 626 3621 759 3687; x_wconf 79' lang='lat' dir='ltr'>designati</span> <span class='ocrx_word' id='word_1_315' title='bbox 783 3620 853 3682; x_wconf 86' lang='lat' dir='ltr'>briae,</span> <span class='ocrx_word' id='word_1_316' title='bbox 867 3617 881 3670; x_wconf 84' lang='grc' dir='ltr'>ὲ</span> <span class='ocrx_word' id='word_1_317' title='bbox 896 3623 1004 3689; x_wconf 80' lang='lat' dir='ltr'>regione</span> <span class='ocrx_word' id='word_1_318' title='bbox 1014 3626 1143 3674; x_wconf 74' lang='lat' dir='ltr'>Messanae</span> <span class='ocrx_word' id='word_1_319' title='bbox 1156 3625 1182 3676; x_wconf 87' lang='lat' dir='ltr'>in</span> <span class='ocrx_word' id='word_1_320' title='bbox 1193 3625 1294 3676; x_wconf 75' lang='lat' dir='ltr'>sicilia.</span> 
     </span>
     <span class='ocr_line' id='line_1_39' title="bbox 171 3683 1372 3753; baseline 0.011 -22"><span class='ocrx_word' id='word_1_321' title='bbox 171 3683 294 3739; x_wconf 80' lang='lat' dir='ltr'>eonsules</span> <span class='ocrx_word' id='word_1_322' title='bbox 306 3685 375 3735; x_wconf 82' lang='lat' dir='ltr'>inter</span> <span class='ocrx_word' id='word_1_323' title='bbox 385 3703 413 3736; x_wconf 84' lang='lat' dir='ltr'>se</span> <span class='ocrx_word' id='word_1_324' title='bbox 423 3686 589 3748; x_wconf 75' lang='lat' dir='ltr'>sortirentur,</span> <span class='ocrx_word' id='word_1_325' title='bbox 597 3687 757 3750; x_wconf 71' lang='lat' dir='ltr'>decerneret</span> <span class='ocrx_word' id='word_1_326' title='bbox 814 3687 829 3738; x_wconf 81' lang='lat' dir='ltr'>f</span> <span class='ocrx_word' id='word_1_327' title='bbox 836 3691 964 3753; x_wconf 71' lang='lat' dir='ltr'>Siciliam]</span> <span class='ocrx_word' id='word_1_328' title='bbox 976 3691 1077 3742; x_wconf 60' lang='lat' dir='ltr'>,Sicilia</span> <span class='ocrx_word' id='word_1_329' title='bbox 1090 3691 1282 3743; x_wconf 84' lang='lat' dir='ltr'>Mediterranei</span> <span class='ocrx_word' id='word_1_330' title='bbox 1300 3693 1372 3744; x_wconf 89' lang='lat' dir='ltr'>insu-</span> 
     </span>
     <span class='ocr_line' id='line_1_40' title="bbox 189 3747 1372 3824; baseline 0.008 -23"><span class='ocrx_word' id='word_1_331' title='bbox 189 3791 191 3801; x_wconf 58' lang='lat'>,</span> <span class='ocrx_word' id='word_1_332' title='bbox 206 3747 223 3798; x_wconf 89' lang='lat' dir='ltr'>b</span> <span class='ocrx_word' id='word_1_333' title='bbox 235 3749 360 3815; x_wconf 71' lang='lat' dir='ltr'>Nasica]</span> <span class='ocrx_word' id='word_1_334' title='bbox 389 3755 441 3804; x_wconf 83' lang='lat' dir='ltr'>llic</span> <span class='ocrx_word' id='word_1_335' title='bbox 452 3754 522 3807; x_wconf 81' lang='lat' dir='ltr'>inter</span> <span class='ocrx_word' id='word_1_336' title='bbox 533 3754 694 3804; x_wconf 84' lang='lat' dir='ltr'>clarissimos</span> <span class='ocrx_word' id='word_1_337' title='bbox 703 3770 760 3804; x_wconf 91' lang='lat' dir='ltr'>ora·</span> <span class='ocrx_word' id='word_1_338' title='bbox 781 3756 807 3806; x_wconf 90' lang='lat' dir='ltr'>la</span> <span class='ocrx_word' id='word_1_339' title='bbox 818 3765 862 3808; x_wconf 88' lang='lat' dir='ltr'>est</span> <span class='ocrx_word' id='word_1_340' title='bbox 878 3758 1061 3820; x_wconf 85' lang='lat' dir='ltr'>celeberrima,</span> <span class='ocrx_word' id='word_1_341' title='bbox 1073 3758 1219 3824; x_wconf 82' lang='lat' dir='ltr'>Triquetra</span> <span class='ocrx_word' id='word_1_342' title='bbox 1231 3771 1260 3812; x_wconf 87' lang='lat' dir='ltr'>et</span> <span class='ocrx_word' id='word_1_343' title='bbox 1276 3762 1372 3812; x_wconf 83' lang='lat' dir='ltr'>Trina·</span> 
     </span>
     <span class='ocr_line' id='line_1_41' title="bbox 170 3811 1345 3887; baseline 0.01 -20"><span class='ocrx_word' id='word_1_344' title='bbox 170 3823 243 3868; x_wconf 76' lang='lat' dir='ltr'>tores</span> <span class='ocrx_word' id='word_1_345' title='bbox 255 3811 272 3864; x_wconf 78' lang='lat' dir='ltr'>ai</span> <span class='ocrx_word' id='word_1_346' title='bbox 283 3816 410 3875; x_wconf 83' lang='lat' dir='ltr'>Cicerone</span> <span class='ocrx_word' id='word_1_347' title='bbox 421 3830 584 3882; x_wconf 75' lang='lat' dir='ltr'>recensetur,</span> <span class='ocrx_word' id='word_1_348' title='bbox 597 3820 645 3886; x_wconf 87' lang='lat' dir='ltr'>qui</span> <span class='ocrx_word' id='word_1_349' title='bbox 658 3837 717 3872; x_wconf 87' lang='lat' dir='ltr'>cum</span> <span class='ocrx_word' id='word_1_350' title='bbox 731 3822 757 3872; x_wconf 90' lang='lat' dir='ltr'>in</span> <span class='ocrx_word' id='word_1_351' title='bbox 781 3823 838 3876; x_wconf 85' lang='lat' dir='ltr'>cria</span> <span class='ocrx_word' id='word_1_352' title='bbox 848 3825 922 3884; x_wconf 87' lang='lat' dir='ltr'>olim,</span> <span class='ocrx_word' id='word_1_353' title='bbox 931 3821 972 3875; x_wconf 68' lang='lat' dir='ltr'>ef</span> <span class='ocrx_word' id='word_1_354' title='bbox 1026 3827 1052 3887; x_wconf 81' lang='lat' dir='ltr'>ai,</span> <span class='ocrx_word' id='word_1_355' title='bbox 1063 3825 1144 3876; x_wconf 82' lang='lat' dir='ltr'>dicta.</span> <span class='ocrx_word' id='word_1_356' title='bbox 1343 3863 1345 3868; x_wconf 86' lang='lat'><em>.</em></span> 
     </span>
    </p>

    <p class='ocr_par' dir='ltr' id='par_1_15' title="bbox 475 3837 1371 3958">
     <span class='ocr_line' id='line_1_42' title="bbox 475 3837 1371 3958; baseline 0.011 -23"><span class='ocrx_word' id='word_1_357' title='bbox 475 3949 477 3956; x_wconf 33' lang='grc' dir='ltr'>Ι</span> <span class='ocrx_word' id='word_1_358' title='bbox 944 3837 1041 3958; x_wconf 50' lang='lat' dir='ltr'>tam]</span> <span class='ocrx_word' id='word_1_359' title='bbox 1076 3892 1371 3946; x_wconf 79' lang='lat' dir='ltr'>Enimvero-difficilli-</span> 
     </span>
    </p>

    <p class='ocr_par' dir='ltr' id='par_1_16' title="bbox 164 3951 1372 4436">
     <span class='ocr_line' id='line_1_43' title="bbox 204 3951 1371 4028; baseline 0.012 -30"><span class='ocrx_word' id='word_1_360' title='bbox 204 3966 220 4008; x_wconf 71' lang='grc' dir='ltr'><strong><em>ς</em></strong></span> <span class='ocrx_word' id='word_1_361' title='bbox 246 3951 373 4014; x_wconf 64' lang='lat' dir='ltr'>obvertit]</span> <span class='ocrx_word' id='word_1_362' title='bbox 391 3953 468 4004; x_wconf 87' lang='lat' dir='ltr'>Sorte</span> <span class='ocrx_word' id='word_1_363' title='bbox 491 3956 614 4015; x_wconf 67' lang='lat' dir='ltr'>stilicen</span> <span class='ocrx_word' id='word_1_364' title='bbox 636 3956 757 4020; x_wconf 78' lang='lat' dir='ltr'>quamvis</span> <span class='ocrx_word' id='word_1_365' title='bbox 780 3971 851 4008; x_wconf 85' lang='lat' dir='ltr'>mum</span> <span class='ocrx_word' id='word_1_366' title='bbox 861 3955 924 4020; x_wconf 80' lang='lat' dir='ltr'>fuit,</span> <span class='ocrx_word' id='word_1_367' title='bbox 933 3958 958 4010; x_wconf 85' lang='lat' dir='ltr'>in</span> <span class='ocrx_word' id='word_1_368' title='bbox 970 3959 1036 4011; x_wconf 86' lang='lat' dir='ltr'>locis</span> <span class='ocrx_word' id='word_1_369' title='bbox 1047 3961 1233 4012; x_wconf 86' lang='lat' dir='ltr'>remotissimis</span> <span class='ocrx_word' id='word_1_370' title='bbox 1243 3969 1270 4011; x_wconf 86' lang='lat' dir='ltr'>et</span> <span class='ocrx_word' id='word_1_371' title='bbox 1281 3977 1371 4028; x_wconf 78' lang='lat' dir='ltr'>asper-</span> 
     </span>
     <span class='ocr_line' id='line_1_44' title="bbox 170 4017 1372 4096; baseline 0.012 -31"><span class='ocrx_word' id='word_1_372' title='bbox 170 4019 293 4095; x_wconf 64' lang='lat' dir='ltr'>pqnsules</span> <span class='ocrx_word' id='word_1_373' title='bbox 304 4017 463 4088; x_wconf 81' lang='lat' dir='ltr'>quandoque</span> <span class='ocrx_word' id='word_1_374' title='bbox 475 4020 545 4080; x_wconf 79' lang='lat' dir='ltr'>inter</span> <span class='ocrx_word' id='word_1_375' title='bbox 562 4039 592 4075; x_wconf 87' lang='lat' dir='ltr'>se</span> <span class='ocrx_word' id='word_1_376' title='bbox 604 4021 639 4078; x_wconf 88' lang='lat' dir='ltr'>de</span> <span class='ocrx_word' id='word_1_377' title='bbox 655 4023 757 4088; x_wconf 78' lang='lat' dir='ltr'>provin·</span> <span class='ocrx_word' id='word_1_378' title='bbox 779 4025 977 4088; x_wconf 84' lang='lat' dir='ltr'>rimis,hostem</span> <span class='ocrx_word' id='word_1_379' title='bbox 997 4027 1102 4079; x_wconf 82' lang='lat' dir='ltr'>militiae</span> <span class='ocrx_word' id='word_1_380' title='bbox 1120 4028 1324 4096; x_wconf 83' lang='lat' dir='ltr'>peritissimum,</span> <span class='ocrx_word' id='word_1_381' title='bbox 1341 4037 1372 4080; x_wconf 88' lang='lat' dir='ltr'>et</span> 
     </span>
     <span class='ocr_line' id='line_1_45' title="bbox 171 4084 1183 4161; baseline 0.012 -27"><span class='ocrx_word' id='word_1_382' title='bbox 171 4084 429 4142; x_wconf 76' lang='lat' dir='ltr'>priseonveniebeut.</span> <span class='ocrx_word' id='word_1_383' title='bbox 778 4093 977 4146; x_wconf 77' lang='lat' dir='ltr'>atrocissimum</span> <span class='ocrx_word' id='word_1_384' title='bbox 990 4109 1125 4161; x_wconf 84' lang='lat' dir='ltr'>superare.</span> <span class='ocrx_word' id='word_1_385' title='bbox 1182 4141 1183 4146; x_wconf 75' lang='grc'>,</span> 
     </span>
     <span class='ocr_line' id='line_1_46' title="bbox 168 4150 1369 4229; baseline 0.012 -29"><span class='ocrx_word' id='word_1_386' title='bbox 168 4209 178 4228; x_wconf 83' lang='lat'><strong>.</strong></span> <span class='ocrx_word' id='word_1_387' title='bbox 203 4150 223 4205; x_wconf 89' lang='lat' dir='ltr'>d</span> <span class='ocrx_word' id='word_1_388' title='bbox 240 4151 350 4229; x_wconf 50' lang='lat' dir='ltr'>pegae]</span> <span class='ocrx_word' id='word_1_389' title='bbox 371 4152 466 4217; x_wconf 85' lang='lat' dir='ltr'>Legati</span> <span class='ocrx_word' id='word_1_390' title='bbox 485 4153 688 4220; x_wconf 84' lang='lat' dir='ltr'>imperatoribus</span> <span class='ocrx_word' id='word_1_391' title='bbox 711 4157 756 4210; x_wconf 86' lang='lat' dir='ltr'>ad-</span> <span class='ocrx_word' id='word_1_392' title='bbox 810 4159 1006 4228; x_wconf 59' lang='lat' dir='ltr'>nemereus]</span> <span class='ocrx_word' id='word_1_393' title='bbox 1029 4166 1072 4214; x_wconf 82' lang='lat' dir='ltr'>Ita</span> <span class='ocrx_word' id='word_1_394' title='bbox 1084 4169 1124 4224; x_wconf 83' lang='lat' dir='ltr'>ut,</span> <span class='ocrx_word' id='word_1_395' title='bbox 1135 4169 1275 4228; x_wconf 79' lang='lat' dir='ltr'>postquam</span> <span class='ocrx_word' id='word_1_396' title='bbox 1289 4163 1323 4213; x_wconf 90' lang='lat' dir='ltr'>ab</span> <span class='ocrx_word' id='word_1_397' title='bbox 1336 4179 1369 4214; x_wconf 88' lang='lat' dir='ltr'>eo</span> 
     </span>
     <span class='ocr_line' id='line_1_47' title="bbox 164 4224 1369 4296; baseline 0.012 -28"><span class='ocrx_word' id='word_1_398' title='bbox 164 4225 256 4288; x_wconf 71' lang='lat' dir='ltr'>Junctp</span> <span class='ocrx_word' id='word_1_399' title='bbox 274 4229 357 4280; x_wconf 88' lang='lat' dir='ltr'>erant,</span> <span class='ocrx_word' id='word_1_400' title='bbox 375 4225 405 4270; x_wconf 90' lang='lat' dir='ltr'>ut</span> <span class='ocrx_word' id='word_1_401' title='bbox 423 4235 469 4274; x_wconf 81' lang='lat' dir='ltr'>eos</span> <span class='ocrx_word' id='word_1_402' title='bbox 488 4224 609 4282; x_wconf 85' lang='lat' dir='ltr'>consilio,</span> <span class='ocrx_word' id='word_1_403' title='bbox 625 4230 654 4274; x_wconf 87' lang='lat' dir='ltr'>et</span> <span class='ocrx_word' id='word_1_404' title='bbox 672 4225 754 4290; x_wconf 67' lang='lat' dir='ltr'>opere</span> <span class='ocrx_word' id='word_1_405' title='bbox 777 4225 875 4278; x_wconf 89' lang='lat' dir='ltr'>bellum</span> <span class='ocrx_word' id='word_1_406' title='bbox 886 4229 984 4280; x_wconf 78' lang='lat' dir='ltr'>aeriter</span> <span class='ocrx_word' id='word_1_407' title='bbox 996 4230 1131 4296; x_wconf 89' lang='lat' dir='ltr'>inceptum</span> <span class='ocrx_word' id='word_1_408' title='bbox 1142 4242 1224 4291; x_wconf 86' lang='lat' dir='ltr'>esset,</span> <span class='ocrx_word' id='word_1_409' title='bbox 1233 4229 1307 4282; x_wconf 88' lang='lat' dir='ltr'>idem</span> <span class='ocrx_word' id='word_1_410' title='bbox 1320 4229 1369 4288; x_wconf 75' lang='lat' dir='ltr'>ille</span> 
     </span>
     <span class='ocr_line' id='line_1_48' title="bbox 168 4280 1260 4378; baseline 0.015 -47"><span class='ocrx_word' id='word_1_411' title='bbox 168 4280 336 4364; x_wconf 65' lang='lat' dir='ltr'>adjnrsrpnt,</span> <span class='ocrx_word' id='word_1_412' title='bbox 347 4286 510 4365; x_wconf 66' lang='lat' dir='ltr'>i‘leiumque</span> <span class='ocrx_word' id='word_1_413' title='bbox 525 4289 624 4356; x_wconf 80' lang='lat' dir='ltr'>singuli</span> <span class='ocrx_word' id='word_1_414' title='bbox 641 4291 753 4358; x_wconf 84' lang='lat' dir='ltr'>singulis</span> <span class='ocrx_word' id='word_1_415' title='bbox 777 4293 904 4364; x_wconf 78' lang='lat' dir='ltr'>deinceps</span> <span class='ocrx_word' id='word_1_416' title='bbox 917 4295 1035 4377; x_wconf 75' lang='lat' dir='ltr'>segniter</span> <span class='ocrx_word' id='word_1_417' title='bbox 1046 4305 1260 4378; x_wconf 79' lang='lat' dir='ltr'>persequeretur.</span> 
     </span>
     <span class='ocr_line' id='line_1_49' title="bbox 168 4349 1158 4436; baseline 0.008 -26"><span class='ocrx_word' id='word_1_418' title='bbox 168 4349 291 4418; x_wconf 68' lang='lat' dir='ltr'>sttnbttt</span> <span class='ocrx_word' id='word_1_419' title='bbox 307 4354 693 4432; x_wconf 70' lang='lat' dir='ltr'>leporinusrtnnnnduei</span> <span class='ocrx_word' id='word_1_420' title='bbox 708 4359 764 4436; x_wconf 63' lang='lat' dir='ltr'>til&gt;-¹</span> <span class='ocrx_word' id='word_1_421' title='bbox 874 4367 876 4374; x_wconf 80' lang='grc'><em>’</em></span> <span class='ocrx_word' id='word_1_422' title='bbox 1136 4369 1158 4390; x_wconf 69' lang='grc'>”</span> 
     </span>
    </p>
   </div>
   <div class='ocr_carea' id='block_1_15' title="bbox 0 0 1522 5060">
    <p class='ocr_par' dir='ltr' id='par_1_17' title="bbox 0 0 1522 5060">
     <span class='ocr_line' id='line_1_50' title="bbox 0 0 1522 5060; baseline 0 0"><span class='ocrx_word' id='word_1_423' title='bbox 0 0 1522 5060; x_wconf 95' lang='lat' dir='ltr'> </span> 
     </span>
    </p>
   </div>
  </div>
 </body>
</html>
