3034 5060
202 281 264 336 154
666 265 916 334 SALLUSTll

200 441 330 529 egressi,
345 438 471 526 repenti
488 461 614 506 omnem
630 443 816 524 equitatum,
831 457 862 504 et
878 459 949 504 cum
969 439 1018 503 his
1034 439 1251 504 velocissimos
1267 441 1394 524 pedites

201 553 294 596 cursu
310 533 436 593 tendere
454 531 493 592 ad
511 528 658 610 Capsam,
673 545 704 590 et
720 544 823 610 portas
838 527 982 590 obsidere
1001 526 1109 610 jubet:
1130 526 1246 589 deinde
1262 528 1329 611 ipse
1344 530 1395 592 in·

199 631 303 680 tentus
316 612 446 698 properti
464 619 564 696 sequi,
578 635 680 694 neque
696 614 810 675 milites
826 613 956 696 praedari
976 614 1088 675 sinere.
1128 613 1209 686 Quae
1225 629 1396 696 postquam

199 702 347 786 oppidani
360 702 548 784 cognovere,
557 719 607 762 res
622 700 784 782 atrepidae,
796 713 899 761 metus
912 700 1032 781 ingens,
1043 699 1159 760 malurn
1173 699 1398 780 improvisum,

199 789 316 852 adhoc
335 809 406 870 pars
423 787 540 848 civium
562 781 649 846 extra
668 787 778 850 moeuia
795 786 828 846 in
846 784 985 847 hostium
1002 800 1165 867 potestate,
1180 787 1330 868 codgire,
1348 781 1396 847 uti

137 929 147 940 .
200 874 393 935 deditionem
405 869 551 933 lacerent.
577 870 736 932 Caeterirm
749 871 899 953 oppidum
910 873 1083 946 incensum,
1095 871 1247 933 Numidae
1261 873 1397 953 puberes

140 945 145 958 ’
199 958 368 1033 interfecti,
384 953 436 1018 alii
452 979 561 1018 omnes
577 955 770 1031 venumdati,
787 957 891 1039 prada
908 956 1060 1018 militibus
1075 956 1188 1017 divisa.
1214 957 1253 1020 ld
1270 956 1396 1020 facinus

199 1041 329 1106 '’contrai
341 1045 393 1128 jus
406 1044 476 1105 belli
489 1065 550 1104 non
561 1043 700 1118 avaritiai,
710 1063 811 1123 neque
824 1042 939 1104 scelere
953 1041 1099 1119 consulis,
1109 1041 1282 1105 admissum
1294 1069 1302 1115 3
1317 1042 1397 1106 csecl

199 1131 274 1213 quia
288 1131 374 1192 locus
391 1127 556 1210 Jugurtbae
572 1145 776 1212 opportunus,
791 1127 881 1189 uobis
897 1127 984 1190 aditu
1000 1126 1151 1202 difficilis,
1176 1150 1273 1210 genus
1289 1129 1395 1190 homi·

199 1237 276 1278 num
297 1216 423 1291 mobile,
438 1215 581 1290 infidum,
597 1211 667 1274 antri
684 1235 785 1296 neque
806 1212 969 1288 beneficio,
984 1234 1086 1295 neque
1105 1228 1193 1286 metu
1207 1214 1394 1276 coercitum.

200 1301 372 1384 Postquam
385 1317 502 1362 tautam
514 1321 581 1361 rem
596 1299 723 1362 Marius
736 1300 801 1362 sine
814 1299 878 1360 ullo
889 1319 1020 1362 suorum
1034 1301 1236 1362 incommodo
1248 1301 1393 1384 patravit,

198 1409 344 1470 magnus,
361 1401 392 1450 et
408 1385 509 1448 clarus
526 1382 626 1460 antei,
643 1386 753 1468 major,
769 1401 862 1466 atque
880 1384 992 1447 clarior
1007 1386 1112 1446 haberi
1129 1386 1229 1468 coepit.
1276 1386 1395 1448 Omnia

185 1485 260 1536 ‘non
278 1471 356 1534 bene
372 1473 511 1534 consulta
526 1469 578 1532 din
591 1471 739 1534 virtutem
755 1471 966 1533 trahebantur.
1012 1470 1136 1532 Milites
1153 1472 1318 1534 ¹modesto
1334 1473 1396 1534 im·

198 1559 288 1642 perio
308 1559 418 1634 habiti,
433 1559 527 1618 simul
548 1571 580 1617 et
600 1557 782 1639 locupletes,
798 1555 838 1617 ad
854 1558 963 1636 coelum
980 1555 1082 1618 ferre:
1095 1557 1256 1619 ‘Numidae
1276 1553 1397 1640 magis,

199 1641 295 1726 quiam
308 1645 483 1718 mortalem,
496 1642 626 1704 timere:
644 1640 803 1724 postremi)
816 1643 905 1718 socii,
914 1657 1007 1723 atque
1017 1642 1122 1705 hostes
1133 1643 1269 1720 credere,
1279 1643 1324 1704 illi
1335 1659 1394 1706 aut

113 1795 119 1806 Χ
184 1735 338 1792 'mentem
355 1729 494 1789 diuinam
511 1749 578 1788 esse
595 1742 648 1790 aut
660 1729 792 1790 deorum
804 1741 882 1790 nutu
895 1744 1004 1790 cuncta
1017 1729 1170 1808 portendi.
1192 1727 1256 1790 Sed
1268 1728 1394 1806 consul,

184 1816 253 1879 'ubi
266 1835 303 1876 ea
318 1836 368 1875 res
384 1811 462 1875 bene
480 1813 594 1889 evenit,
610 1814 650 1875 acl
666 1813 726 1876 alia
740 1814 856 1898 oppida
871 1813 983 1896 pergit.
1018 1814 1133 1892 Pauca,
1146 1813 1394 1896 repugnantibus

201 1899 368 1974 Numidis,
378 1900 476 1982 capit.
510 1897 615 1977 Plura,
631 1900 777 1960 edeserta
796 1914 921 1982 propter
933 1899 1139 1982 Capsensium
1157 1901 1312 1976 miserias,
1327 1901 1394 1981 igni

199 1987 384 2068 corrumpit.
416 1986 532 2058 Luctu,
549 2001 640 2066 atque
652 1985 735 2048 caede
748 1985 854 2046 omnia
869 1987 1074 2067 complentur.
1120 1986 1268 2067 Denique
1284 1987 1391 2048 multis

199 2074 277 2136 locis
293 2073 421 2154 potitus,
436 2093 471 2133 ac
485 2071 641 2152 plerisque
658 2071 798 2132 exercitu
813 2071 987 2147 incruento,
1002 2073 1098 2134 alium
1113 2091 1183 2134 rem
1200 2071 1391 2154 aggreditur,

183 2173 185 2178 ’
198 2181 263 2221 non
279 2160 388 2219 eadem
401 2159 578 2238 asperitate,
594 2157 677 2238 2qua
690 2154 909 2239 Capsensium,
921 2155 1069 2220 caeterirm
1082 2158 1167 2220 haud
1179 2179 1270 2220 secus
1281 2157 1391 2220 diffici-

185 2247 273 2307 lem.
299 2241 448 2324 Namque
462 2241 546 2303 haud
558 2239 651 2324 longe
665 2237 683 2300 *a
699 2241 826 2304 flumine
842 2242 1008 2320 Mulucha,
1019 2246 1106 2325 quod
1120 2245 1296 2326 Jugurthae‚
1311 2243 1394 2306 Boc-

200 2331 315 2409 chique
332 2346 464 2409 regnum
480 2328 692 2411 disjungebat,
704 2342 770 2389 erat
786 2329 866 2390 inter
881 2344 1022 2390 caeteram
1038 2331 1198 2411 planitiem
1216 2351 1306 2392 mons
1321 2351 1393 2392 sax·
1415 2335 1418 2340 '

200 2437 268 2494 eus,
276 2414 427 2476 mediocri
439 2411 451 2450 f
455 2415 592 2501 castello,
601 2409 677 2476 satis
682 2415 998 2497 patens,immensum
1009 2417 1124 2496 editus,
1134 2437 1195 2479 uno
1205 2431 1396 2500 perangusto

643 2587 944 2638 INTERPRETATIO.
1024 2615 1027 2622 =

182 2773 186 2786 ,
243 2717 255 2752 ¹
286 2715 415 2776 Milites
447 2715 614 2778 liberaliter
650 2707 787 2792 tructoli,
809 2715 909 2778 eadem
924 2717 1093 2800 asperitate
1107 2727 1234 2800 septam,
1247 2717 1310 2800 quci
1327 2713 1395 2779 fue·

183 2802 295 2862 *simul
318 2814 346 2862 et
375 2803 546 2883 locupletes,
574 2800 717 2864 Marium
748 2803 791 2863 ud
809 2819 923 2864 ratres
945 2803 1154 2885 Cirpsensium,
1169 2800 1315 2886 craterum
1335 2823 1396 2866 raon

200 2887 302 2948 culum
315 2885 475 2970 serebant.
810 2885 913 2952 minias
933 2887 1094 2976 difficilem.

242 2975 255 3053 3
280 2971 478 3056 Aggredilur
508 2973 599 3035 aliam
627 2995 701 3054 rem,
726 2995 786 3038 non

657 3197 658 3200 ,
694 3215 695 3220 ¹
737 3133 853 3196 ubam.

233 3255 402 3319 a'Trepidae]
425 3255 571 3316 Quomodo,
589 3255 786 3307 calamitatibus
843 3273 858 3307 c
873 3258 941 3322 Seii]
952 3257 1021 3310 ilinc
1031 3257 1106 3310 vides
1115 3257 1268 3310 Sallustium
1273 3257 1318 3327 jus
1329 3257 1399 3309 belli

200 3319 343 3387 derepentd
368 3323 550 3386 ingruentibus
574 3323 681 3374 evenire
703 3324 787 3374 solet:
809 3341 843 3374 ex
861 3341 892 3376 eo
911 3327 983 3392 quud
1001 3327 1093 3376 victori
1113 3327 1208 3376 bonum
1230 3335 1258 3376 et
1282 3341 1399 3376 commo·

199 3406 248 3455 per
263 3389 407 3439 tuinultum
425 3391 513 3438 omnia
531 3405 591 3438 cum
609 3391 690 3440 simul
707 3407 788 3458 agun-
809 3391 882 3456 dum,
894 3393 964 3442 hosti
976 3393 1151 3456 perniciosum
1162 3404 1190 3444 et
1199 3393 1344 3444 exitiosum
1354 3401 1400 3444 est

200 3467 255 3517 tur,
268 3458 301 3506 ed
315 3455 483 3507 festinatione
496 3458 564 3506 nibil
578 3467 753 3522 promovetur.
810 3462 977 3514 constituere.
1237 3514 1239 3519 ,

234 3525 250 3574 b
267 3526 359 3574 Contra
372 3524 436 3590 jun]
459 3527 507 3574 lue
521 3525 571 3574 hoo
587 3525 611 3574 in
623 3525 683 3574 loco
697 3524 784 3591 rigide
842 3526 909 3575 ‹l'In
920 3526 1056 3588 aiamim]
1074 3530 1113 3576 lta
1124 3525 1214 3576 evenit
1228 3527 1297 3577 inter
1312 3525 1400 3576 homi-

198 3607 252 3640 non
268 3599 310 3638 est
327 3591 521 3655 exponendum,
535 3591 585 3642 sed
601 3593 718 3642 auctor-is
731 3609 787 3642 sen·
809 3607 870 3644 nes:
890 3594 1021 3657 sapientes
1034 3593 1116 3660 vnlgd
1129 3594 1285 3654 creduntur,
1298 3593 1400 3659 quibus

199 3673 242 3716 su,
252 3671 300 3719 pro
308 3673 340 3704 eo
352 3659 424 3722 quod
432 3656 513 3726 vulgo
523 3658 656 3708 faciebant
669 3660 785 3717 Romani,
809 3660 914 3708 lbrtuna
925 3659 1008 3718 favet,
1023 3661 1184 3726 desipientes
1197 3659 1294 3728 quibus
1305 3666 1402 3711 restat.

198 3732 231 3774 ut
251 3723 416 3786 supplicibus
438 3736 465 3774 et
487 3725 618 3774 dedititiis
640 3735 786 3789 parcerent.
811 3726 941 3776 Nimirum
959 3729 1035 3792 pauci
1049 3726 1109 3776 clun
1128 3740 1238 3794 sapiant,
1250 3743 1341 3777 omnes
1357 3735 1403 3776 ta-

200 3787 288 3848 Alias,
303 3790 324 3838 si
341 3805 387 3852 per
402 3791 447 3856 jus
460 3791 536 3856 pland
553 3794 579 3841 id
595 3807 672 3842 omue
690 3793 785 3842 intelli·
811 3809 869 3842 men
882 3795 1037 3858 loquanturr
1057 3793 1105 3844 sed
1121 3792 1234 3845 maximi
1249 3793 1326 3860 plebs
1339 3810 1403 3860 gar-

200 3873 259 3924 gas,
275 3866 366 3904 contra
381 3859 451 3920 quod
471 3874 547 3907 nemo
561 3857 653 3913 ‚facere
675 3857 784 3915 audeatr
809 3861 874 3922 run,
890 3871 1009 3921 eventus,
1025 3863 1167 3912 stultorum
1186 3863 1329 3924 magister,
1344 3861 1402 3911 sibi

198 3925 289 3976 scelus
303 3920 421 3985 prolectd
432 3921 633 3976 literithario
643 3935 784 3989 patratum,
809 3933 895 3976 omnia
916 3927 1048 3977 vendicat.
1096 3930 1172 3989 Hinc,
1194 3932 1249 3994 quai
1272 3930 1404 3978 cautione

200 3989 261 4042 calm
275 3993 361 4051 capsa
375 3991 479 4038 incensa
490 4000 539 4043 est,
564 3990 662 4042 Verdrn
675 3997 785 4055 Capsen·
810 3995 915 4055 publica
936 3994 1046 4059 negotia
1065 3999 1204 4062 suscipiat,
1225 3995 1327 4045 ridebit
1349 3997 1405 4060 qui

201 4052 655 4116 ses,ci1n1sailsc0nstetdedititios
665 4061 720 4109 sine
730 4061 785 4108 ulla
809 4063 858 4112 sibi
872 4064 935 4110 bene
949 4063 1046 4124 cupiet.
1164 4115 1166 4121 Α

200 4125 322 4189 pactione
335 4123 434 4172 luisse:
453 4126 548 4183 Mario,
560 4140 607 4189 pro
627 4127 671 4176 ille
684 4142 786 4176 summo
841 4145 856 4178 e
870 4129 998 4190 Deserta]
1012 4131 1133 4190 Scilicet,
1142 4129 1302 4180 calamilatis
1315 4125 1403 4190 fama,

201 4198 230 4240 et
239 4191 359 4240 absoluto
374 4189 437 4240 belli
451 4190 522 4256 jure,
534 4192 620 4252 licuit,
633 4195 666 4244 de
679 4194 734 4246 suis
749 4211 786 4246 sc·
809 4209 867 4258 quae
884 4199 1031 4260 Capsenses
1052 4198 1211 4261 porris-eran
1230 4193 1284 4247 late
1305 4211 1403 4247 omnes

202 4257 282 4309 dibus
295 4256 446 4320 dettubare,
459 4258 582 4319 vendere,
595 4261 641 4312 &o
809 4261 863 4312 suis
876 4261 997 4312 domibus
1013 4267 1160 4328 expulerat.

842 4327 856 4380 f
868 4327 995 4396 castella]
1014 4333 1108 4386 Florus
1119 4331 1210 4386 urbem
1219 4327 1303 4384 ¹luisse
1315 4330 1400 4384 dicit.
