<?xml version="1.0" encoding="UTF-8"?>
<!DOCTYPE html PUBLIC "-//W3C//DTD XHTML 1.0 Transitional//EN"
    "http://www.w3.org/TR/xhtml1/DTD/xhtml1-transitional.dtd">
<html xmlns="http://www.w3.org/1999/xhtml" xml:lang="en" lang="en">
 <head>
  <title>
</title>
<meta http-equiv="Content-Type" content="text/html;charset=utf-8" />
  <meta name='ocr-system' content='tesseract 3.04.00' />
  <meta name='ocr-capabilities' content='ocr_page ocr_carea ocr_par ocr_line ocrx_word'/>
</head>
<body>
  <div class='ocr_page' id='page_1' title='image "./operaomniaquaee00crisgoog_0135.png"; bbox 0 0 3034 5060; ppageno 0'>
   <div class='ocr_carea' id='block_1_1' title="bbox 168 342 879 410">
    <p class='ocr_par' dir='ltr' id='par_1_1' title="bbox 168 342 879 410">
     <span class='ocr_line' id='line_1_1' title="bbox 168 342 879 410; baseline -0.001 -2"><span class='ocrx_word' id='word_1_1' title='bbox 168 351 229 408; x_wconf 79' lang='lat'>122</span> <span class='ocrx_word' id='word_1_2' title='bbox 629 342 879 410; x_wconf 83' lang='lat' dir='ltr'>SALLUSTll</span> 
     </span>
    </p>
   </div>
   <div class='ocr_carea' id='block_1_2' title="bbox 119 515 1412 3160">
    <p class='ocr_par' dir='ltr' id='par_1_2' title="bbox 119 515 1412 3160">
     <span class='ocr_line' id='line_1_2' title="bbox 166 515 1354 600; baseline -0.003 -20"><span class='ocrx_word' id='word_1_3' title='bbox 166 517 288 593; x_wconf 81' lang='lat' dir='ltr'>adesse,</span> <span class='ocrx_word' id='word_1_4' title='bbox 299 529 391 600; x_wconf 88' lang='lat' dir='ltr'>atque</span> <span class='ocrx_word' id='word_1_5' title='bbox 402 516 515 580; x_wconf 85' lang='lat' dir='ltr'>instare</span> <span class='ocrx_word' id='word_1_6' title='bbox 526 535 535 578; x_wconf 92' lang='lat'>:</span> <span class='ocrx_word' id='word_1_7' title='bbox 547 517 691 579; x_wconf 87' lang='lat' dir='ltr'>omnibns</span> <span class='ocrx_word' id='word_1_8' title='bbox 701 518 781 580; x_wconf 88' lang='lat' dir='ltr'>locis</span> <span class='ocrx_word' id='word_1_9' title='bbox 788 515 1002 578; x_wconf 84' lang='lat' dir='ltr'>Romanorum</span> <span class='ocrx_word' id='word_1_10' title='bbox 1011 516 1137 578; x_wconf 79' lang='lat' dir='ltr'>ordines</span> <span class='ocrx_word' id='word_1_11' title='bbox 1147 515 1328 578; x_wconf 84' lang='lat' dir='ltr'>conturbare</span> <span class='ocrx_word' id='word_1_12' title='bbox 1340 541 1354 588; x_wconf 87' lang='lat'>;</span> 
     </span>
     <span class='ocr_line' id='line_1_3' title="bbox 168 600 1354 684; baseline -0.002 -20"><span class='ocrx_word' id='word_1_13' title='bbox 168 623 303 684; x_wconf 90' lang='lat' dir='ltr'>quornm</span> <span class='ocrx_word' id='word_1_14' title='bbox 317 603 411 664; x_wconf 87' lang='lat' dir='ltr'>etiam</span> <span class='ocrx_word' id='word_1_15' title='bbox 427 603 480 684; x_wconf 91' lang='lat' dir='ltr'>qui</span> <span class='ocrx_word' id='word_1_16' title='bbox 498 603 686 664; x_wconf 85' lang='lat' dir='ltr'>firmioribus</span> <span class='ocrx_word' id='word_1_17' title='bbox 701 603 814 664; x_wconf 88' lang='lat' dir='ltr'>animis</span> <span class='ocrx_word' id='word_1_18' title='bbox 828 602 912 663; x_wconf 89' lang='lat' dir='ltr'>obvii</span> <span class='ocrx_word' id='word_1_19' title='bbox 932 600 1075 664; x_wconf 81' lang='lat' dir='ltr'>hostibus</span> <span class='ocrx_word' id='word_1_20' title='bbox 1095 601 1229 680; x_wconf 87' lang='lat' dir='ltr'>fuerant,</span> <span class='ocrx_word' id='word_1_21' title='bbox 1243 601 1354 662; x_wconf 86' lang='lat' dir='ltr'>ludih·</span> 
     </span>
     <span class='ocr_line' id='line_1_4' title="bbox 167 681 1357 770; baseline -0.003 -21"><span class='ocrx_word' id='word_1_22' title='bbox 167 689 228 750; x_wconf 90' lang='lat' dir='ltr'>cati</span> <span class='ocrx_word' id='word_1_23' title='bbox 244 689 384 752; x_wconf 68' lang='lat' dir='ltr'>“incerto</span> <span class='ocrx_word' id='word_1_24' title='bbox 399 687 515 770; x_wconf 74' lang='lat' dir='ltr'>proelio,</span> <span class='ocrx_word' id='word_1_25' title='bbox 530 688 589 769; x_wconf 88' lang='lat' dir='ltr'>ipsi</span> <span class='ocrx_word' id='word_1_26' title='bbox 613 687 730 752; x_wconf 71' lang='grc' dir='ltr'>1ιιιοιίὸ</span> <span class='ocrx_word' id='word_1_27' title='bbox 746 689 868 749; x_wconf 89' lang='lat' dir='ltr'>enimus</span> <span class='ocrx_word' id='word_1_28' title='bbox 884 686 1111 760; x_wconf 80' lang='lat' dir='ltr'>sauciabantur,</span> <span class='ocrx_word' id='word_1_29' title='bbox 1125 708 1227 768; x_wconf 89' lang='lat' dir='ltr'>neque</span> <span class='ocrx_word' id='word_1_30' title='bbox 1244 681 1357 748; x_wconf 70' lang='lat' dir='ltr'>contra</span> 
     </span>
     <span class='ocr_line' id='line_1_5' title="bbox 166 769 1412 856; baseline -0.002 -20"><span class='ocrx_word' id='word_1_31' title='bbox 166 773 300 836; x_wconf 78' lang='lat' dir='ltr'>feriendi</span> <span class='ocrx_word' id='word_1_32' title='bbox 315 788 369 836; x_wconf 89' lang='lat' dir='ltr'>aut</span> <span class='ocrx_word' id='word_1_33' title='bbox 379 774 562 836; x_wconf 88' lang='lat' dir='ltr'>conserendi</span> <span class='ocrx_word' id='word_1_34' title='bbox 576 794 702 836; x_wconf 87' lang='lat' dir='ltr'>manum</span> <span class='ocrx_word' id='word_1_35' title='bbox 719 774 808 854; x_wconf 89' lang='lat' dir='ltr'>copia</span> <span class='ocrx_word' id='word_1_36' title='bbox 824 788 900 834; x_wconf 86' lang='lat' dir='ltr'>erat.</span> <span class='ocrx_word' id='word_1_37' title='bbox 945 769 1033 832; x_wconf 73' lang='lat' dir='ltr'>Ante</span> <span class='ocrx_word' id='word_1_38' title='bbox 1052 773 1121 856; x_wconf 89' lang='lat' dir='ltr'>jam</span> <span class='ocrx_word' id='word_1_39' title='bbox 1137 771 1222 833; x_wconf 89' lang='lat' dir='ltr'>docti</span> <span class='ocrx_word' id='word_1_40' title='bbox 1237 774 1276 832; x_wconf 88' lang='lat' dir='ltr'>ab</span> <span class='ocrx_word' id='word_1_41' title='bbox 1291 771 1356 851; x_wconf 90' lang='lat' dir='ltr'>Ju-</span> <span class='ocrx_word' id='word_1_42' title='bbox 1407 851 1412 855; x_wconf 30' lang='grc'>,</span> 
     </span>
     <span class='ocr_line' id='line_1_6' title="bbox 167 858 1357 942; baseline -0.003 -22"><span class='ocrx_word' id='word_1_43' title='bbox 167 859 280 942; x_wconf 83' lang='lat' dir='ltr'>gurthai</span> <span class='ocrx_word' id='word_1_44' title='bbox 294 858 426 939; x_wconf 84' lang='lat' dir='ltr'>equites,</span> <span class='ocrx_word' id='word_1_45' title='bbox 441 859 629 940; x_wconf 88' lang='lat' dir='ltr'>ubicumque</span> <span class='ocrx_word' id='word_1_46' title='bbox 646 858 859 920; x_wconf 88' lang='lat' dir='ltr'>Romanorum</span> <span class='ocrx_word' id='word_1_47' title='bbox 875 872 979 918; x_wconf 88' lang='lat' dir='ltr'>turma</span> <span class='ocrx_word' id='word_1_48' title='bbox 994 859 1115 938; x_wconf 87' lang='lat' dir='ltr'>insequi</span> <span class='ocrx_word' id='word_1_49' title='bbox 1132 872 1273 938; x_wconf 75' lang='lat' dir='ltr'>coeperat,</span> <span class='ocrx_word' id='word_1_50' title='bbox 1286 877 1357 916; x_wconf 83' lang='lat' dir='ltr'>non</span> 
     </span>
     <span class='ocr_line' id='line_1_7' title="bbox 167 939 1356 1027; baseline -0.002 -21"><span class='ocrx_word' id='word_1_51' title='bbox 167 943 345 1018; x_wconf 80' lang='lat' dir='ltr'>confertim,</span> <span class='ocrx_word' id='word_1_52' title='bbox 356 964 458 1024; x_wconf 87' lang='lat' dir='ltr'>neque</span> <span class='ocrx_word' id='word_1_53' title='bbox 470 944 502 1006; x_wconf 92' lang='lat' dir='ltr'>in</span> <span class='ocrx_word' id='word_1_54' title='bbox 514 965 610 1006; x_wconf 87' lang='lat' dir='ltr'>nuum</span> <span class='ocrx_word' id='word_1_55' title='bbox 623 966 690 1006; x_wconf 86' lang='lat' dir='ltr'>sese</span> <span class='ocrx_word' id='word_1_56' title='bbox 701 945 910 1027; x_wconf 77' lang='lat' dir='ltr'>recipiebant:</span> <span class='ocrx_word' id='word_1_57' title='bbox 926 943 983 1004; x_wconf 88' lang='lat' dir='ltr'>scd</span> <span class='ocrx_word' id='word_1_58' title='bbox 995 943 1076 1004; x_wconf 86' lang='lat' dir='ltr'>alins</span> <span class='ocrx_word' id='word_1_59' title='bbox 1085 942 1146 1004; x_wconf 83' lang='lat' dir='ltr'>alid</span> <span class='ocrx_word' id='word_1_60' title='bbox 1157 939 1356 1022; x_wconf 26' lang='lat' dir='ltr'>quim-max·</span> 
     </span>
     <span class='ocr_line' id='line_1_8' title="bbox 157 1026 1355 1111; baseline -0.005 -18"><span class='ocrx_word' id='word_1_61' title='bbox 157 1026 233 1101; x_wconf 73' lang='lat' dir='ltr'>‚ime</span> <span class='ocrx_word' id='word_1_62' title='bbox 250 1027 378 1105; x_wconf 86' lang='lat' dir='ltr'>diversi,</span> <span class='ocrx_word' id='word_1_63' title='bbox 392 1029 436 1090; x_wconf 88' lang='lat' dir='ltr'>ita</span> <span class='ocrx_word' id='word_1_64' title='bbox 450 1050 582 1092; x_wconf 88' lang='lat' dir='ltr'>numero</span> <span class='ocrx_word' id='word_1_65' title='bbox 602 1029 754 1111; x_wconf 81' lang='lat' dir='ltr'>²priores‚</span> <span class='ocrx_word' id='word_1_66' title='bbox 768 1030 795 1092; x_wconf 91' lang='lat' dir='ltr'>si</span> <span class='ocrx_word' id='word_1_67' title='bbox 807 1050 826 1090; x_wconf 87' lang='lat' dir='ltr'>a</span> <span class='ocrx_word' id='word_1_68' title='bbox 839 1029 1056 1110; x_wconf 85' lang='lat' dir='ltr'>persequendo</span> <span class='ocrx_word' id='word_1_69' title='bbox 1069 1029 1175 1092; x_wconf 88' lang='lat' dir='ltr'>hostes</span> <span class='ocrx_word' id='word_1_70' title='bbox 1191 1029 1355 1090; x_wconf 86' lang='lat' dir='ltr'>deterrere</span> 
     </span>
     <span class='ocr_line' id='line_1_9' title="bbox 166 1113 1356 1198; baseline -0.002 -22"><span class='ocrx_word' id='word_1_71' title='bbox 166 1115 382 1195; x_wconf 88' lang='lat' dir='ltr'>nequiverant,</span> <span class='ocrx_word' id='word_1_72' title='bbox 396 1115 545 1198; x_wconf 86' lang='lat' dir='ltr'>disjectos</span> <span class='ocrx_word' id='word_1_73' title='bbox 566 1115 605 1178; x_wconf 90' lang='lat' dir='ltr'>ab</span> <span class='ocrx_word' id='word_1_74' title='bbox 620 1129 720 1198; x_wconf 83' lang='lat' dir='ltr'>tergo,</span> <span class='ocrx_word' id='word_1_75' title='bbox 739 1130 793 1177; x_wconf 85' lang='lat' dir='ltr'>aut</span> <span class='ocrx_word' id='word_1_76' title='bbox 811 1115 960 1176; x_wconf 88' lang='lat' dir='ltr'>lateribus</span> <span class='ocrx_word' id='word_1_77' title='bbox 974 1113 1279 1176; x_wconf 76' lang='lat' dir='ltr'>circumveniebant:</span> <span class='ocrx_word' id='word_1_78' title='bbox 1303 1113 1356 1174; x_wconf 89' lang='lat' dir='ltr'>sin</span> 
     </span>
     <span class='ocr_line' id='line_1_10' title="bbox 166 1197 1357 1283; baseline -0.002 -23"><span class='ocrx_word' id='word_1_79' title='bbox 166 1200 370 1282; x_wconf 86' lang='lat' dir='ltr'>opportunior</span> <span class='ocrx_word' id='word_1_80' title='bbox 383 1198 465 1282; x_wconf 80' lang='lat' dir='ltr'>fugae</span> <span class='ocrx_word' id='word_1_81' title='bbox 480 1200 578 1276; x_wconf 91' lang='lat' dir='ltr'>collis,</span> <span class='ocrx_word' id='word_1_82' title='bbox 591 1198 685 1280; x_wconf 75' lang='lat' dir='ltr'>quim</span> <span class='ocrx_word' id='word_1_83' title='bbox 708 1200 809 1283; x_wconf 90' lang='lat' dir='ltr'>campi</span> <span class='ocrx_word' id='word_1_84' title='bbox 825 1199 958 1274; x_wconf 85' lang='lat' dir='ltr'>fuerant,</span> <span class='ocrx_word' id='word_1_85' title='bbox 977 1199 1106 1260; x_wconf 76' lang='lat' dir='ltr'>couerci</span> <span class='ocrx_word' id='word_1_86' title='bbox 1122 1198 1263 1261; x_wconf 87' lang='lat' dir='ltr'>consueti</span> <span class='ocrx_word' id='word_1_87' title='bbox 1279 1197 1357 1258; x_wconf 91' lang='lat' dir='ltr'>Nu·</span> 
     </span>
     <span class='ocr_line' id='line_1_11' title="bbox 166 1281 1354 1367; baseline -0.003 -20"><span class='ocrx_word' id='word_1_88' title='bbox 166 1285 325 1347; x_wconf 89' lang='lat' dir='ltr'>midarum</span> <span class='ocrx_word' id='word_1_89' title='bbox 339 1286 413 1366; x_wconf 90' lang='lat' dir='ltr'>equi</span> <span class='ocrx_word' id='word_1_90' title='bbox 429 1281 520 1346; x_wconf 75' lang='lat' dir='ltr'>facile</span> <span class='ocrx_word' id='word_1_91' title='bbox 537 1285 618 1348; x_wconf 91' lang='lat' dir='ltr'>inter</span> <span class='ocrx_word' id='word_1_92' title='bbox 627 1286 762 1366; x_wconf 84' lang='lat' dir='ltr'>virgulta</span> <span class='ocrx_word' id='word_1_93' title='bbox 777 1286 930 1346; x_wconf 90' lang='lat' dir='ltr'>evadere:</span> <span class='ocrx_word' id='word_1_94' title='bbox 948 1299 1070 1346; x_wconf 88' lang='lat' dir='ltr'>nostros</span> <span class='ocrx_word' id='word_1_95' title='bbox 1085 1285 1248 1367; x_wconf 81' lang='lat' dir='ltr'>asperitas,</span> <span class='ocrx_word' id='word_1_96' title='bbox 1258 1297 1289 1345; x_wconf 85' lang='lat' dir='ltr'>et</span> <span class='ocrx_word' id='word_1_97' title='bbox 1304 1283 1354 1344; x_wconf 91' lang='lat' dir='ltr'>iu·</span> 
     </span>
     <span class='ocr_line' id='line_1_12' title="bbox 119 1369 1353 1454; baseline -0.002 -22"><span class='ocrx_word' id='word_1_98' title='bbox 119 1445 124 1454; x_wconf 68' lang='lat'>,</span> <span class='ocrx_word' id='word_1_99' title='bbox 165 1371 296 1432; x_wconf 79' lang='lat' dir='ltr'>colentia</span> <span class='ocrx_word' id='word_1_100' title='bbox 309 1371 369 1432; x_wconf 93' lang='lat' dir='ltr'>loci</span> <span class='ocrx_word' id='word_1_101' title='bbox 389 1371 560 1432; x_wconf 88' lang='lat' dir='ltr'>retinebat:</span> <span class='ocrx_word' id='word_1_102' title='bbox 583 1370 731 1434; x_wconf 81' lang='lat' dir='ltr'>caeterirm</span> <span class='ocrx_word' id='word_1_103' title='bbox 747 1370 842 1432; x_wconf 83' lang='lat' dir='ltr'>facies</span> <span class='ocrx_word' id='word_1_104' title='bbox 862 1371 958 1432; x_wconf 87' lang='lat' dir='ltr'>totius</span> <span class='ocrx_word' id='word_1_105' title='bbox 978 1369 1095 1451; x_wconf 85' lang='lat' dir='ltr'>negotii</span> <span class='ocrx_word' id='word_1_106' title='bbox 1111 1369 1208 1446; x_wconf 87' lang='lat' dir='ltr'>varia,</span> <span class='ocrx_word' id='word_1_107' title='bbox 1223 1369 1353 1445; x_wconf 86' lang='lat' dir='ltr'>incerta,</span> 
     </span>
     <span class='ocr_line' id='line_1_13' title="bbox 166 1453 1354 1538; baseline -0.003 -20"><span class='ocrx_word' id='word_1_108' title='bbox 166 1454 258 1532; x_wconf 81' lang='lat' dir='ltr'>foeda,</span> <span class='ocrx_word' id='word_1_109' title='bbox 269 1471 361 1538; x_wconf 88' lang='lat' dir='ltr'>atque</span> <span class='ocrx_word' id='word_1_110' title='bbox 375 1456 576 1518; x_wconf 88' lang='lat' dir='ltr'>miserabilis:</span> <span class='ocrx_word' id='word_1_111' title='bbox 594 1457 727 1538; x_wconf 89' lang='lat' dir='ltr'>dispersi</span> <span class='ocrx_word' id='word_1_112' title='bbox 739 1453 757 1516; x_wconf 75' lang='grc' dir='ltr'>ὲ</span> <span class='ocrx_word' id='word_1_113' title='bbox 768 1457 843 1528; x_wconf 84' lang='lat' dir='ltr'>suis,</span> <span class='ocrx_word' id='word_1_114' title='bbox 857 1477 927 1538; x_wconf 88' lang='lat' dir='ltr'>pars</span> <span class='ocrx_word' id='word_1_115' title='bbox 940 1455 1063 1526; x_wconf 83' lang='lat' dir='ltr'>cedere,</span> <span class='ocrx_word' id='word_1_116' title='bbox 1074 1455 1126 1516; x_wconf 88' lang='lat' dir='ltr'>alii</span> <span class='ocrx_word' id='word_1_117' title='bbox 1139 1454 1280 1535; x_wconf 87' lang='lat' dir='ltr'>insequi:</span> <span class='ocrx_word' id='word_1_118' title='bbox 1297 1474 1354 1516; x_wconf 91' lang='lat' dir='ltr'>ne-</span> 
     </span>
     <span class='ocr_line' id='line_1_14' title="bbox 166 1540 1352 1624; baseline -0.003 -21"><span class='ocrx_word' id='word_1_119' title='bbox 166 1563 227 1624; x_wconf 88' lang='lat' dir='ltr'>que</span> <span class='ocrx_word' id='word_1_120' title='bbox 238 1542 337 1622; x_wconf 83' lang='lat' dir='ltr'>signa,</span> <span class='ocrx_word' id='word_1_121' title='bbox 346 1561 447 1622; x_wconf 89' lang='lat' dir='ltr'>neque</span> <span class='ocrx_word' id='word_1_122' title='bbox 458 1541 585 1602; x_wconf 85' lang='lat' dir='ltr'>ordines</span> <span class='ocrx_word' id='word_1_123' title='bbox 593 1542 776 1602; x_wconf 88' lang='lat' dir='ltr'>observare:</span> <span class='ocrx_word' id='word_1_124' title='bbox 794 1543 846 1602; x_wconf 90' lang='lat' dir='ltr'>ubi</span> <span class='ocrx_word' id='word_1_125' title='bbox 859 1562 1016 1622; x_wconf 82' lang='lat' dir='ltr'>quemque</span> <span class='ocrx_word' id='word_1_126' title='bbox 1028 1540 1201 1622; x_wconf 89' lang='lat' dir='ltr'>periculum</span> <span class='ocrx_word' id='word_1_127' title='bbox 1213 1551 1352 1622; x_wconf 85' lang='lat' dir='ltr'>ceperat,</span> 
     </span>
     <span class='ocr_line' id='line_1_15' title="bbox 165 1624 1352 1708; baseline -0.005 -18"><span class='ocrx_word' id='word_1_128' title='bbox 165 1627 210 1690; x_wconf 89' lang='lat' dir='ltr'>ibi</span> <span class='ocrx_word' id='word_1_129' title='bbox 224 1624 379 1698; x_wconf 84' lang='lat' dir='ltr'>resistere,</span> <span class='ocrx_word' id='word_1_130' title='bbox 395 1645 430 1686; x_wconf 91' lang='lat' dir='ltr'>ac</span> <span class='ocrx_word' id='word_1_131' title='bbox 445 1627 640 1706; x_wconf 81' lang='lat' dir='ltr'>propulsare:</span> <span class='ocrx_word' id='word_1_132' title='bbox 664 1643 762 1700; x_wconf 88' lang='lat' dir='ltr'>arma,</span> <span class='ocrx_word' id='word_1_133' title='bbox 776 1627 847 1700; x_wconf 89' lang='lat' dir='ltr'>tela,</span> <span class='ocrx_word' id='word_1_134' title='bbox 863 1627 948 1708; x_wconf 91' lang='lat' dir='ltr'>equi,</span> <span class='ocrx_word' id='word_1_135' title='bbox 964 1627 1035 1701; x_wconf 89' lang='lat' dir='ltr'>viri,</span> <span class='ocrx_word' id='word_1_136' title='bbox 1050 1627 1165 1702; x_wconf 83' lang='lat' dir='ltr'>hostes,</span> <span class='ocrx_word' id='word_1_137' title='bbox 1180 1626 1263 1686; x_wconf 88' lang='lat' dir='ltr'>cives</span> <span class='ocrx_word' id='word_1_138' title='bbox 1277 1644 1352 1706; x_wconf 89' lang='lat' dir='ltr'>per·</span> 
     </span>
     <span class='ocr_line' id='line_1_16' title="bbox 123 1709 1349 1794; baseline -0.003 -22"><span class='ocrx_word' id='word_1_139' title='bbox 123 1777 133 1788; x_wconf 50' lang='lat'><em>„</em></span> <span class='ocrx_word' id='word_1_140' title='bbox 165 1711 277 1772; x_wconf 80' lang='lat' dir='ltr'>mixti:</span> <span class='ocrx_word' id='word_1_141' title='bbox 300 1710 378 1770; x_wconf 89' lang='lat' dir='ltr'>nihil</span> <span class='ocrx_word' id='word_1_142' title='bbox 393 1709 522 1772; x_wconf 88' lang='lat' dir='ltr'>consilio</span> <span class='ocrx_word' id='word_1_143' title='bbox 533 1731 633 1792; x_wconf 88' lang='lat' dir='ltr'>neque</span> <span class='ocrx_word' id='word_1_144' title='bbox 650 1711 783 1792; x_wconf 82' lang='lat' dir='ltr'>imperio</span> <span class='ocrx_word' id='word_1_145' title='bbox 794 1711 863 1792; x_wconf 85' lang='lat' dir='ltr'>agi:</span> <span class='ocrx_word' id='word_1_146' title='bbox 880 1709 945 1772; x_wconf 89' lang='lat' dir='ltr'>fors</span> <span class='ocrx_word' id='word_1_147' title='bbox 957 1712 1188 1794; x_wconf 65' lang='lat' dir='ltr'>omniaregerm</span> <span class='ocrx_word' id='word_1_148' title='bbox 1234 1709 1349 1790; x_wconf 85' lang='lat' dir='ltr'>Itaque</span> 
     </span>
     <span class='ocr_line' id='line_1_17' title="bbox 166 1795 1354 1876; baseline -0.002 -18"><span class='ocrx_word' id='word_1_149' title='bbox 166 1797 302 1860; x_wconf 84' lang='lat' dir='ltr'>multum</span> <span class='ocrx_word' id='word_1_150' title='bbox 314 1795 378 1856; x_wconf 88' lang='lat' dir='ltr'>diei</span> <span class='ocrx_word' id='word_1_151' title='bbox 390 1795 675 1876; x_wconf 77' lang='lat' dir='ltr'>processerat,ci1m</span> <span class='ocrx_word' id='word_1_152' title='bbox 686 1797 780 1861; x_wconf 88' lang='lat' dir='ltr'>etiam</span> <span class='ocrx_word' id='word_1_153' title='bbox 793 1813 860 1858; x_wconf 89' lang='lat' dir='ltr'>tum</span> <span class='ocrx_word' id='word_1_154' title='bbox 872 1811 1002 1858; x_wconf 86' lang='lat' dir='ltr'>eventus</span> <span class='ocrx_word' id='word_1_155' title='bbox 1013 1797 1045 1858; x_wconf 90' lang='lat' dir='ltr'>iu</span> <span class='ocrx_word' id='word_1_156' title='bbox 1058 1797 1175 1860; x_wconf 87' lang='lat' dir='ltr'>incerto</span> <span class='ocrx_word' id='word_1_157' title='bbox 1186 1810 1263 1859; x_wconf 81' lang='lat' dir='ltr'>erat.</span> <span class='ocrx_word' id='word_1_158' title='bbox 1283 1795 1354 1856; x_wconf 89' lang='lat' dir='ltr'>De·</span> 
     </span>
     <span class='ocr_line' id='line_1_18' title="bbox 165 1879 1352 1964; baseline -0.003 -21"><span class='ocrx_word' id='word_1_159' title='bbox 165 1881 261 1964; x_wconf 89' lang='lat' dir='ltr'>nique</span> <span class='ocrx_word' id='word_1_160' title='bbox 277 1881 422 1942; x_wconf 86' lang='lat' dir='ltr'>omnibus</span> <span class='ocrx_word' id='word_1_161' title='bbox 436 1881 552 1956; x_wconf 87' lang='lat' dir='ltr'>labore,</span> <span class='ocrx_word' id='word_1_162' title='bbox 563 1897 595 1942; x_wconf 90' lang='lat' dir='ltr'>et</span> <span class='ocrx_word' id='word_1_163' title='bbox 611 1896 688 1942; x_wconf 83' lang='lat' dir='ltr'>aestu</span> <span class='ocrx_word' id='word_1_164' title='bbox 703 1881 870 1964; x_wconf 78' lang='lat' dir='ltr'>languidis,</span> <span class='ocrx_word' id='word_1_165' title='bbox 884 1881 1046 1958; x_wconf 90' lang='lat' dir='ltr'>Metellus,</span> <span class='ocrx_word' id='word_1_166' title='bbox 1058 1883 1112 1946; x_wconf 87' lang='lat' dir='ltr'>ubi</span> <span class='ocrx_word' id='word_1_167' title='bbox 1128 1883 1215 1944; x_wconf 87' lang='lat' dir='ltr'>videt</span> <span class='ocrx_word' id='word_1_168' title='bbox 1231 1879 1352 1950; x_wconf 86' lang='lat' dir='ltr'>Numi-</span> 
     </span>
     <span class='ocr_line' id='line_1_19' title="bbox 166 1964 1354 2052; baseline -0.003 -22"><span class='ocrx_word' id='word_1_169' title='bbox 166 1967 223 2030; x_wconf 86' lang='lat' dir='ltr'>das</span> <span class='ocrx_word' id='word_1_170' title='bbox 240 1964 345 2028; x_wconf 86' lang='lat' dir='ltr'>mimis</span> <span class='ocrx_word' id='word_1_171' title='bbox 360 1965 650 2048; x_wconf 86' lang='lat' dir='ltr'>instare,paullatim</span> <span class='ocrx_word' id='word_1_172' title='bbox 662 1967 777 2030; x_wconf 87' lang='lat' dir='ltr'>milites</span> <span class='ocrx_word' id='word_1_173' title='bbox 787 1968 819 2030; x_wconf 92' lang='lat' dir='ltr'>in</span> <span class='ocrx_word' id='word_1_174' title='bbox 831 1988 929 2030; x_wconf 89' lang='lat' dir='ltr'>unum</span> <span class='ocrx_word' id='word_1_175' title='bbox 940 1967 1104 2052; x_wconf 70' lang='lat' dir='ltr'>conducil:</span> <span class='ocrx_word' id='word_1_176' title='bbox 1121 1968 1247 2044; x_wconf 88' lang='lat' dir='ltr'>ordines</span> <span class='ocrx_word' id='word_1_177' title='bbox 1261 1965 1354 2028; x_wconf 87' lang='lat' dir='ltr'>resti·</span> 
     </span>
     <span class='ocr_line' id='line_1_20' title="bbox 166 2049 1354 2134; baseline -0.003 -20"><span class='ocrx_word' id='word_1_178' title='bbox 166 2054 237 2129; x_wconf 90' lang='lat' dir='ltr'>tuit,</span> <span class='ocrx_word' id='word_1_179' title='bbox 249 2067 280 2116; x_wconf 92' lang='lat' dir='ltr'>et</span> <span class='ocrx_word' id='word_1_180' title='bbox 294 2052 438 2113; x_wconf 91' lang='lat' dir='ltr'>cohortes</span> <span class='ocrx_word' id='word_1_181' title='bbox 454 2049 659 2132; x_wconf 74' lang='lat' dir='ltr'>blegionarias</span> <span class='ocrx_word' id='word_1_182' title='bbox 673 2067 807 2133; x_wconf 84' lang='lat' dir='ltr'>quatuor</span> <span class='ocrx_word' id='word_1_183' title='bbox 820 2053 987 2116; x_wconf 87' lang='lat' dir='ltr'>adversum</span> <span class='ocrx_word' id='word_1_184' title='bbox 1003 2053 1123 2134; x_wconf 88' lang='lat' dir='ltr'>pedites</span> <span class='ocrx_word' id='word_1_185' title='bbox 1138 2052 1277 2115; x_wconf 87' lang='lat' dir='ltr'>hostium</span> <span class='ocrx_word' id='word_1_186' title='bbox 1288 2051 1354 2113; x_wconf 92' lang='lat' dir='ltr'>col·</span> 
     </span>
     <span class='ocr_line' id='line_1_21' title="bbox 164 2133 1350 2219; baseline -0.003 -19"><span class='ocrx_word' id='word_1_187' title='bbox 164 2139 260 2200; x_wconf 80' lang='lat' dir='ltr'>locat.</span> <span class='ocrx_word' id='word_1_188' title='bbox 294 2133 440 2200; x_wconf 72' lang='lat' dir='ltr'>cEorum</span> <span class='ocrx_word' id='word_1_189' title='bbox 453 2157 564 2215; x_wconf 84' lang='lat' dir='ltr'>magna</span> <span class='ocrx_word' id='word_1_190' title='bbox 575 2157 645 2218; x_wconf 85' lang='lat' dir='ltr'>pare</span> <span class='ocrx_word' id='word_1_191' title='bbox 657 2137 868 2219; x_wconf 88' lang='lat' dir='ltr'>superioribus</span> <span class='ocrx_word' id='word_1_192' title='bbox 883 2137 959 2200; x_wconf 90' lang='lat' dir='ltr'>locis</span> <span class='ocrx_word' id='word_1_193' title='bbox 971 2137 1053 2202; x_wconf 88' lang='lat' dir='ltr'>fessa</span> <span class='ocrx_word' id='word_1_194' title='bbox 1069 2139 1262 2205; x_wconf 83' lang='lat' dir='ltr'>consederat·</span> <span class='ocrx_word' id='word_1_195' title='bbox 1300 2135 1350 2198; x_wconf 86' lang='lat' dir='ltr'>Si-</span> 
     </span>
     <span class='ocr_line' id='line_1_22' title="bbox 165 2221 1353 2306; baseline -0.001 -21"><span class='ocrx_word' id='word_1_196' title='bbox 165 2226 233 2286; x_wconf 91' lang='lat' dir='ltr'>mul</span> <span class='ocrx_word' id='word_1_197' title='bbox 257 2223 377 2297; x_wconf 84' lang='lat' dir='ltr'>³orare,</span> <span class='ocrx_word' id='word_1_198' title='bbox 401 2221 519 2283; x_wconf 80' lang='lat' dir='ltr'>hortari</span> <span class='ocrx_word' id='word_1_199' title='bbox 542 2221 729 2298; x_wconf 80' lang='lat' dir='ltr'>milites,‚ne</span> <span class='ocrx_word' id='word_1_200' title='bbox 757 2222 935 2300; x_wconf 86' lang='lat' dir='ltr'>deficerent,</span> <span class='ocrx_word' id='word_1_201' title='bbox 958 2245 1019 2286; x_wconf 92' lang='lat' dir='ltr'>neu</span> <span class='ocrx_word' id='word_1_202' title='bbox 1041 2239 1231 2306; x_wconf 86' lang='lat' dir='ltr'>paterentur.¹</span> <span class='ocrx_word' id='word_1_203' title='bbox 1246 2223 1353 2286; x_wconf 88' lang='lat' dir='ltr'>hostes</span> 
     </span>
     <span class='ocr_line' id='line_1_23' title="bbox 166 2304 1354 2394; baseline -0.002 -24"><span class='ocrx_word' id='word_1_204' title='bbox 166 2304 323 2394; x_wconf 77' lang='lat' dir='ltr'>fugientes</span> <span class='ocrx_word' id='word_1_205' title='bbox 334 2307 478 2384; x_wconf 85' lang='lat' dir='ltr'>vincere:</span> <span class='ocrx_word' id='word_1_206' title='bbox 493 2328 594 2388; x_wconf 88' lang='lat' dir='ltr'>neque</span> <span class='ocrx_word' id='word_1_207' title='bbox 610 2308 671 2371; x_wconf 90' lang='lat' dir='ltr'>illis</span> <span class='ocrx_word' id='word_1_208' title='bbox 684 2326 783 2370; x_wconf 89' lang='lat' dir='ltr'>castra</span> <span class='ocrx_word' id='word_1_209' title='bbox 794 2329 874 2385; x_wconf 87' lang='lat' dir='ltr'>esse,</span> <span class='ocrx_word' id='word_1_210' title='bbox 885 2330 987 2389; x_wconf 88' lang='lat' dir='ltr'>neque</span> <span class='ocrx_word' id='word_1_211' title='bbox 1000 2310 1229 2372; x_wconf 87' lang='lat' dir='ltr'>munimentum</span> <span class='ocrx_word' id='word_1_212' title='bbox 1243 2309 1354 2384; x_wconf 89' lang='lat' dir='ltr'>ullum,</span> 
     </span>
     <span class='ocr_line' id='line_1_24' title="bbox 166 2391 1355 2476; baseline 0.001 -21"><span class='ocrx_word' id='word_1_213' title='bbox 166 2391 231 2476; x_wconf 79' lang='lat' dir='ltr'>qud</span> <span class='ocrx_word' id='word_1_214' title='bbox 255 2392 403 2453; x_wconf 84' lang='lat' dir='ltr'>cedentes</span> <span class='ocrx_word' id='word_1_215' title='bbox 425 2393 603 2456; x_wconf 90' lang='lat' dir='ltr'>tenderent:</span> <span class='ocrx_word' id='word_1_216' title='bbox 625 2395 657 2454; x_wconf 90' lang='lat' dir='ltr'>in</span> <span class='ocrx_word' id='word_1_217' title='bbox 679 2395 775 2456; x_wconf 87' lang='lat' dir='ltr'>armis</span> <span class='ocrx_word' id='word_1_218' title='bbox 799 2395 904 2456; x_wconf 84' lang='lat' dir='ltr'>omnia</span> <span class='ocrx_word' id='word_1_219' title='bbox 922 2396 992 2456; x_wconf 87' lang='lat' dir='ltr'>sita.</span> <span class='ocrx_word' id='word_1_220' title='bbox 1037 2393 1101 2466; x_wconf 88' lang='lat' dir='ltr'>Sed</span> <span class='ocrx_word' id='word_1_221' title='bbox 1120 2417 1178 2458; x_wconf 87' lang='lat' dir='ltr'>nec</span> <span class='ocrx_word' id='word_1_222' title='bbox 1192 2392 1355 2476; x_wconf 49' lang='lat' dir='ltr'>¹Iugurtha</span> 
     </span>
     <span class='ocr_line' id='line_1_25' title="bbox 166 2477 1356 2564; baseline 0.002 -24"><span class='ocrx_word' id='word_1_223' title='bbox 166 2477 295 2560; x_wconf 90' lang='lat' dir='ltr'>quidem</span> <span class='ocrx_word' id='word_1_224' title='bbox 312 2478 573 2558; x_wconf 70' lang='lat' dir='ltr'>interea&#39;quietns</span> <span class='ocrx_word' id='word_1_225' title='bbox 590 2495 656 2541; x_wconf 88' lang='lat' dir='ltr'>erat</span> <span class='ocrx_word' id='word_1_226' title='bbox 676 2479 819 2556; x_wconf 88' lang='lat' dir='ltr'>circuire,</span> <span class='ocrx_word' id='word_1_227' title='bbox 838 2479 968 2554; x_wconf 88' lang='lat' dir='ltr'>hortari,</span> <span class='ocrx_word' id='word_1_228' title='bbox 980 2501 1137 2543; x_wconf 83' lang='lat' dir='ltr'>renovare</span> <span class='ocrx_word' id='word_1_229' title='bbox 1151 2479 1306 2564; x_wconf 74' lang='lat' dir='ltr'>proelium,</span> <span class='ocrx_word' id='word_1_230' title='bbox 1321 2493 1356 2542; x_wconf 92' lang='lat' dir='ltr'>et</span> 
     </span>
     <span class='ocr_line' id='line_1_26' title="bbox 166 2562 1351 2646; baseline 0.002 -21"><span class='ocrx_word' id='word_1_231' title='bbox 166 2564 232 2646; x_wconf 88' lang='lat' dir='ltr'>ipse</span> <span class='ocrx_word' id='word_1_232' title='bbox 249 2584 321 2625; x_wconf 91' lang='lat' dir='ltr'>cum</span> <span class='ocrx_word' id='word_1_233' title='bbox 338 2562 466 2628; x_wconf 80' lang='lat' dir='ltr'>delectis</span> <span class='ocrx_word' id='word_1_234' title='bbox 482 2578 599 2626; x_wconf 86' lang='lat' dir='ltr'>tentare</span> <span class='ocrx_word' id='word_1_235' title='bbox 615 2565 736 2630; x_wconf 88' lang='lat' dir='ltr'>omnia:</span> <span class='ocrx_word' id='word_1_236' title='bbox 754 2565 917 2626; x_wconf 87' lang='lat' dir='ltr'>subvenire</span> <span class='ocrx_word' id='word_1_237' title='bbox 933 2563 1010 2641; x_wconf 88' lang='lat' dir='ltr'>suis,</span> <span class='ocrx_word' id='word_1_238' title='bbox 1025 2565 1166 2627; x_wconf 87' lang='lat' dir='ltr'>hostibus</span> <span class='ocrx_word' id='word_1_239' title='bbox 1182 2565 1288 2630; x_wconf 88' lang='lat' dir='ltr'>dubiis</span> <span class='ocrx_word' id='word_1_240' title='bbox 1303 2565 1351 2627; x_wconf 90' lang='lat' dir='ltr'>iu-</span> 
     </span>
     <span class='ocr_line' id='line_1_27' title="bbox 165 2647 1353 2732; baseline 0.002 -20"><span class='ocrx_word' id='word_1_241' title='bbox 165 2667 264 2725; x_wconf 79' lang='lat' dir='ltr'>stare,</span> <span class='ocrx_word' id='word_1_242' title='bbox 277 2669 356 2730; x_wconf 86' lang='lat' dir='ltr'>qnos</span> <span class='ocrx_word' id='word_1_243' title='bbox 384 2649 490 2710; x_wconf 88' lang='lat' dir='ltr'>firmos</span> <span class='ocrx_word' id='word_1_244' title='bbox 512 2665 709 2732; x_wconf 82' lang='lat' dir='ltr'>cognoverat,</span> <span class='ocrx_word' id='word_1_245' title='bbox 733 2651 869 2711; x_wconf 50' lang='lat' dir='ltr'>eminus¹</span> <span class='ocrx_word' id='word_1_246' title='bbox 885 2651 1063 2732; x_wconf 87' lang='lat' dir='ltr'>pugnando,</span> <span class='ocrx_word' id='word_1_247' title='bbox 1086 2647 1269 2714; x_wconf 77' lang='lat' dir='ltr'>dretinere..</span> <span class='ocrx_word' id='word_1_248' title='bbox 1300 2650 1353 2714; x_wconf 88' lang='lat' dir='ltr'>Eo</span> 
     </span>
     <span class='ocr_line' id='line_1_28' title="bbox 165 2735 1388 2820; baseline 0 -22"><span class='ocrx_word' id='word_1_249' title='bbox 165 2735 263 2798; x_wconf 84' lang='lat' dir='ltr'>modo</span> <span class='ocrx_word' id='word_1_250' title='bbox 283 2735 346 2796; x_wconf 91' lang='lat' dir='ltr'>duo</span> <span class='ocrx_word' id='word_1_251' title='bbox 362 2736 577 2816; x_wconf 85' lang='lat' dir='ltr'>imperatores,</span> <span class='ocrx_word' id='word_1_252' title='bbox 599 2737 735 2796; x_wconf 67' lang='lat' dir='ltr'>‘summi</span> <span class='ocrx_word' id='word_1_253' title='bbox 752 2735 823 2810; x_wconf 83' lang='lat' dir='ltr'>viri,</span> <span class='ocrx_word' id='word_1_254' title='bbox 838 2735 918 2804; x_wconf 88' lang='lat' dir='ltr'>inter</span> <span class='ocrx_word' id='word_1_255' title='bbox 935 2757 972 2804; x_wconf 57' lang='lat' dir='ltr'>se,</span> <span class='ocrx_word' id='word_1_256' title='bbox 984 2737 1155 2806; x_wconf 82' lang='lat' dir='ltr'>certabant:</span> <span class='ocrx_word' id='word_1_257' title='bbox 1179 2736 1238 2818; x_wconf 84' lang='lat' dir='ltr'>ipsi</span> <span class='ocrx_word' id='word_1_258' title='bbox 1263 2755 1355 2820; x_wconf 87' lang='lat' dir='ltr'>pares</span> <span class='ocrx_word' id='word_1_259' title='bbox 1386 2746 1388 2750; x_wconf 82' lang='grc'>’</span> 
     </span>
     <span class='ocr_line' id='line_1_29' title="bbox 165 2817 1353 2902; baseline 0.003 -21"><span class='ocrx_word' id='word_1_260' title='bbox 165 2817 315 2882; x_wconf 80' lang='lat' dir='ltr'>caeterdm</span> <span class='ocrx_word' id='word_1_261' title='bbox 331 2821 441 2900; x_wconf 88' lang='lat' dir='ltr'>opibus</span> <span class='ocrx_word' id='word_1_262' title='bbox 458 2819 643 2902; x_wconf 81' lang='lat' dir='ltr'>disparibus.</span> <span class='ocrx_word' id='word_1_263' title='bbox 668 2821 753 2882; x_wconf 87' lang='lat' dir='ltr'>Nam</span> <span class='ocrx_word' id='word_1_264' title='bbox 765 2819 901 2901; x_wconf 85' lang='lat' dir='ltr'>Metello</span> <span class='ocrx_word' id='word_1_265' title='bbox 913 2820 1011 2882; x_wconf 90' lang='lat' dir='ltr'>virtus</span> <span class='ocrx_word' id='word_1_266' title='bbox 1023 2821 1158 2884; x_wconf 88' lang='lat' dir='ltr'>militnm</span> <span class='ocrx_word' id='word_1_267' title='bbox 1172 2837 1250 2896; x_wconf 79' lang='lat' dir='ltr'>eret,</span> <span class='ocrx_word' id='word_1_268' title='bbox 1264 2824 1353 2900; x_wconf 81' lang='lat' dir='ltr'>locus</span> 
     </span>
     <span class='ocr_line' id='line_1_30' title="bbox 165 2901 1353 2990; baseline 0.003 -25"><span class='ocrx_word' id='word_1_269' title='bbox 165 2903 336 2965; x_wconf 81' lang='lat' dir='ltr'>aduersus:</span> <span class='ocrx_word' id='word_1_270' title='bbox 353 2901 515 2984; x_wconf 74' lang='lat' dir='ltr'>jugurtha</span> <span class='ocrx_word' id='word_1_271' title='bbox 531 2905 590 2966; x_wconf 87' lang='lat' dir='ltr'>alia</span> <span class='ocrx_word' id='word_1_272' title='bbox 606 2907 721 2981; x_wconf 87' lang='lat' dir='ltr'>omnia,</span> <span class='ocrx_word' id='word_1_273' title='bbox 737 2921 848 2988; x_wconf 82' lang='lat' dir='ltr'>praeter</span> <span class='ocrx_word' id='word_1_274' title='bbox 860 2905 984 2982; x_wconf 88' lang='lat' dir='ltr'>milites,</span> <span class='ocrx_word' id='word_1_275' title='bbox 996 2921 1178 2989; x_wconf 84' lang='lat' dir='ltr'>opportuna.</span> <span class='ocrx_word' id='word_1_276' title='bbox 1202 2907 1353 2990; x_wconf 86' lang='lat' dir='ltr'>Denique</span> 
     </span>
     <span class='ocr_line' id='line_1_31' title="bbox 165 2987 1351 3072; baseline 0.003 -20"><span class='ocrx_word' id='word_1_277' title='bbox 165 2987 312 3066; x_wconf 84' lang='lat' dir='ltr'>Romani,</span> <span class='ocrx_word' id='word_1_278' title='bbox 321 2989 374 3052; x_wconf 88' lang='lat' dir='ltr'>ubi</span> <span class='ocrx_word' id='word_1_279' title='bbox 386 2989 560 3070; x_wconf 81' lang='lat' dir='ltr'>intelligunt</span> <span class='ocrx_word' id='word_1_280' title='bbox 571 3011 671 3072; x_wconf 87' lang='lat' dir='ltr'>neque</span> <span class='ocrx_word' id='word_1_281' title='bbox 684 2993 742 3052; x_wconf 89' lang='lat' dir='ltr'>sibi</span> <span class='ocrx_word' id='word_1_282' title='bbox 753 2991 932 3072; x_wconf 83' lang='lat' dir='ltr'>profugium</span> <span class='ocrx_word' id='word_1_283' title='bbox 942 3011 1022 3066; x_wconf 85' lang='lat' dir='ltr'>csse,</span> <span class='ocrx_word' id='word_1_284' title='bbox 1032 3013 1133 3072; x_wconf 90' lang='lat' dir='ltr'>neque</span> <span class='ocrx_word' id='word_1_285' title='bbox 1146 2994 1184 3054; x_wconf 86' lang='lat' dir='ltr'>ab</span> <span class='ocrx_word' id='word_1_286' title='bbox 1199 2993 1288 3056; x_wconf 88' lang='lat' dir='ltr'>hoste</span> <span class='ocrx_word' id='word_1_287' title='bbox 1298 3015 1351 3056; x_wconf 87' lang='lat' dir='ltr'>co·</span> 
     </span>
     <span class='ocr_line' id='line_1_32' title="bbox 165 3072 1351 3160; baseline 0.004 -24"><span class='ocrx_word' id='word_1_288' title='bbox 165 3073 249 3156; x_wconf 82' lang='lat' dir='ltr'>pianr</span> <span class='ocrx_word' id='word_1_289' title='bbox 265 3075 425 3158; x_wconf 83' lang='lat' dir='ltr'>pugnandi</span> <span class='ocrx_word' id='word_1_290' title='bbox 442 3075 525 3148; x_wconf 70' lang='lat' dir='ltr'>fieri,</span> <span class='ocrx_word' id='word_1_291' title='bbox 542 3075 590 3160; x_wconf 88' lang='lat' dir='ltr'>(et</span> <span class='ocrx_word' id='word_1_292' title='bbox 602 3077 670 3160; x_wconf 85' lang='lat' dir='ltr'>jam</span> <span class='ocrx_word' id='word_1_293' title='bbox 686 3077 750 3138; x_wconf 89' lang='lat' dir='ltr'>diei</span> <span class='ocrx_word' id='word_1_294' title='bbox 767 3097 878 3158; x_wconf 89' lang='lat' dir='ltr'>vesper</span> <span class='ocrx_word' id='word_1_295' title='bbox 892 3072 974 3158; x_wconf 86' lang='lat' dir='ltr'>erat)</span> <span class='ocrx_word' id='word_1_296' title='bbox 989 3073 1245 3158; x_wconf 68' lang='lat' dir='ltr'>⁴‘advers&#39;ocolle,</span> <span class='ocrx_word' id='word_1_297' title='bbox 1256 3077 1351 3141; x_wconf 88' lang='lat' dir='ltr'>sicuti</span> 
     </span>
    </p>
   </div>
   <div class='ocr_carea' id='block_1_3' title="bbox 610 3247 908 3297">
    <p class='ocr_par' dir='ltr' id='par_1_3' title="bbox 610 3247 908 3297">
     <span class='ocr_line' id='line_1_33' title="bbox 610 3247 908 3297; baseline 0.007 -3"><span class='ocrx_word' id='word_1_298' title='bbox 610 3247 908 3297; x_wconf 78' lang='lat' dir='ltr'><strong>INTERPRETATIO.</strong></span> 
     </span>
    </p>
   </div>
   <div class='ocr_carea' id='block_1_4' title="bbox 157 3395 1359 3916">
    <p class='ocr_par' dir='ltr' id='par_1_4' title="bbox 157 3395 1359 3916">
     <span class='ocr_line' id='line_1_34' title="bbox 208 3395 1353 3480; baseline 0.007 -21"><span class='ocrx_word' id='word_1_299' title='bbox 208 3399 217 3434; x_wconf 88' lang='lat'>¹</span> <span class='ocrx_word' id='word_1_300' title='bbox 236 3397 301 3480; x_wconf 79' lang='lat' dir='ltr'>Ipsi</span> <span class='ocrx_word' id='word_1_301' title='bbox 313 3395 433 3461; x_wconf 75' lang='lat' dir='ltr'>tuntum</span> <span class='ocrx_word' id='word_1_302' title='bbox 444 3401 747 3472; x_wconf 76' lang='lat' dir='ltr'>eminussaucz&#39;abnn·</span> <span class='ocrx_word' id='word_1_303' title='bbox 812 3403 823 3436; x_wconf 80' lang='lat'>³</span> <span class='ocrx_word' id='word_1_304' title='bbox 839 3401 940 3464; x_wconf 85' lang='lat' dir='ltr'>Simul</span> <span class='ocrx_word' id='word_1_305' title='bbox 952 3399 1104 3466; x_wconf 86' lang='lat' dir='ltr'>Metellus</span> <span class='ocrx_word' id='word_1_306' title='bbox 1119 3424 1219 3479; x_wconf 84' lang='lat' dir='ltr'>orare,</span> <span class='ocrx_word' id='word_1_307' title='bbox 1230 3405 1353 3468; x_wconf 78' lang='lat' dir='ltr'>hortari</span> 
     </span>
     <span class='ocr_line' id='line_1_35' title="bbox 165 3485 1352 3577; baseline 0.004 -30"><span class='ocrx_word' id='word_1_308' title='bbox 165 3497 227 3560; x_wconf 84' lang='lat' dir='ltr'>tur,</span> <span class='ocrx_word' id='word_1_309' title='bbox 243 3497 272 3546; x_wconf 83' lang='lat' dir='ltr'>et</span> <span class='ocrx_word' id='word_1_310' title='bbox 287 3485 536 3548; x_wconf 80' lang='lat' dir='ltr'>vulnerabantur.</span> <span class='ocrx_word' id='word_1_311' title='bbox 769 3487 891 3560; x_wconf 80' lang='lat' dir='ltr'>militer,</span> <span class='ocrx_word' id='word_1_312' title='bbox 912 3509 950 3550; x_wconf 86' lang='lat' dir='ltr'>ne</span> <span class='ocrx_word' id='word_1_313' title='bbox 973 3485 1146 3572; x_wconf 79' lang='lat' dir='ltr'>deficerent,</span> <span class='ocrx_word' id='word_1_314' title='bbox 1167 3510 1241 3552; x_wconf 84' lang='lat' dir='ltr'>neue</span> <span class='ocrx_word' id='word_1_315' title='bbox 1266 3502 1352 3577; x_wconf 77' lang='lat' dir='ltr'>pate·</span> 
     </span>
     <span class='ocr_line' id='line_1_36' title="bbox 206 3569 1353 3660; baseline 0.007 -30"><span class='ocrx_word' id='word_1_316' title='bbox 206 3573 219 3606; x_wconf 71' lang='lat'>‘⁴</span> <span class='ocrx_word' id='word_1_317' title='bbox 236 3569 372 3645; x_wconf 52' lang='lat' dir='ltr'>Itanum</span> <span class='ocrx_word' id='word_1_318' title='bbox 384 3584 484 3634; x_wconf 82' lang='lat' dir='ltr'>essent</span> <span class='ocrx_word' id='word_1_319' title='bbox 492 3573 600 3653; x_wconf 83' lang='lat' dir='ltr'>plures</span> <span class='ocrx_word' id='word_1_320' title='bbox 611 3593 746 3647; x_wconf 85' lang='lat' dir='ltr'>numero,</span> <span class='ocrx_word' id='word_1_321' title='bbox 770 3586 879 3636; x_wconf 87' lang='lat' dir='ltr'>rentur</span> <span class='ocrx_word' id='word_1_322' title='bbox 893 3577 1004 3648; x_wconf 75' lang='lat' dir='ltr'>hoster,</span> <span class='ocrx_word' id='word_1_323' title='bbox 1021 3577 1073 3659; x_wconf 85' lang='lat' dir='ltr'>qui</span> <span class='ocrx_word' id='word_1_324' title='bbox 1086 3573 1269 3660; x_wconf 79' lang='lat' dir='ltr'>fugiebant,</span> <span class='ocrx_word' id='word_1_325' title='bbox 1284 3578 1353 3638; x_wconf 83' lang='lat' dir='ltr'>uin-</span> 
     </span>
     <span class='ocr_line' id='line_1_37' title="bbox 162 3655 845 3738; baseline 0.006 -22"><span class='ocrx_word' id='word_1_326' title='bbox 162 3655 192 3716; x_wconf 81' lang='lat' dir='ltr'>si</span> <span class='ocrx_word' id='word_1_327' title='bbox 212 3658 411 3738; x_wconf 78' lang='lat' dir='ltr'>nequiverant</span> <span class='ocrx_word' id='word_1_328' title='bbox 432 3657 584 3720; x_wconf 80' lang='lat' dir='ltr'>deterrere·</span> <span class='ocrx_word' id='word_1_329' title='bbox 606 3656 745 3720; x_wconf 72' lang='lat' dir='ltr'>torres-ct</span> <span class='ocrx_word' id='word_1_330' title='bbox 769 3679 845 3720; x_wconf 86' lang='lat' dir='ltr'>cere.</span> 
     </span>
     <span class='ocr_line' id='line_1_38' title="bbox 157 3743 1359 3829; baseline 0.007 -29"><span class='ocrx_word' id='word_1_331' title='bbox 157 3743 376 3823; x_wconf 79' lang='lat' dir='ltr'>persequendo,</span> <span class='ocrx_word' id='word_1_332' title='bbox 399 3744 671 3805; x_wconf 81' lang='lat' dir='ltr'>circumveniebant</span> <span class='ocrx_word' id='word_1_333' title='bbox 697 3765 746 3806; x_wconf 83' lang='lat' dir='ltr'>eos</span> <span class='ocrx_word' id='word_1_334' title='bbox 811 3747 823 3779; x_wconf 86' lang='lat'>‘¹</span> <span class='ocrx_word' id='word_1_335' title='bbox 845 3745 977 3808; x_wconf 82' lang='lat' dir='ltr'>Romani</span> <span class='ocrx_word' id='word_1_336' title='bbox 1001 3747 1035 3806; x_wconf 85' lang='lat' dir='ltr'>in</span> <span class='ocrx_word' id='word_1_337' title='bbox 1057 3746 1227 3810; x_wconf 51' lang='lat' dir='ltr'>ucltn’rstnn¹</span> <span class='ocrx_word' id='word_1_338' title='bbox 1240 3743 1359 3829; x_wconf 64' lang='lat' dir='ltr'>collui,</span> 
     </span>
     <span class='ocr_line' id='line_1_39' title="bbox 162 3822 1307 3916; baseline 0.007 -29"><span class='ocrx_word' id='word_1_339' title='bbox 162 3823 305 3910; x_wconf 75' lang='lat' dir='ltr'>disjectos·</span> <span class='ocrx_word' id='word_1_340' title='bbox 321 3822 339 3883; x_wconf 83' lang='lat' dir='ltr'>d</span> <span class='ocrx_word' id='word_1_341' title='bbox 358 3837 445 3909; x_wconf 81' lang='lat' dir='ltr'>tergo</span> <span class='ocrx_word' id='word_1_342' title='bbox 460 3844 515 3892; x_wconf 81' lang='lat' dir='ltr'>aut</span> <span class='ocrx_word' id='word_1_343' title='bbox 530 3829 687 3894; x_wconf 71' lang='lat' dir='ltr'>lateribus</span> <span class='ocrx_word' id='word_1_344' title='bbox 768 3830 861 3892; x_wconf 81' lang='lat' dir='ltr'>sicuti</span> <span class='ocrx_word' id='word_1_345' title='bbox 871 3844 1057 3916; x_wconf 68' lang='lat' dir='ltr'>praeceptum</span> <span class='ocrx_word' id='word_1_346' title='bbox 1072 3845 1151 3912; x_wconf 84' lang='lat' dir='ltr'>erat,</span> <span class='ocrx_word' id='word_1_347' title='bbox 1166 3834 1307 3896; x_wconf 81' lang='lat' dir='ltr'>evadunt.</span> 
     </span>
    </p>
   </div>
   <div class='ocr_carea' id='block_1_5' title="bbox 696 3953 811 4040">
    <p class='ocr_par' dir='ltr' id='par_1_5' title="bbox 696 3953 811 4040">
     <span class='ocr_line' id='line_1_40' title="bbox 696 3953 811 4040; baseline 0.009 -1"><span class='ocrx_word' id='word_1_348' title='bbox 696 3953 811 4040; x_wconf 69' lang='lat' dir='ltr'>nonus.</span> 
     </span>
    </p>
   </div>
   <div class='ocr_carea' id='block_1_6' title="bbox 137 4091 1356 4438">
    <p class='ocr_par' dir='ltr' id='par_1_6' title="bbox 137 4091 1356 4438">
     <span class='ocr_line' id='line_1_41' title="bbox 193 4091 1140 4166; baseline 0.007 -20"><span class='ocrx_word' id='word_1_349' title='bbox 193 4109 208 4145; x_wconf 79' lang='lat' dir='ltr'>e</span> <span class='ocrx_word' id='word_1_350' title='bbox 221 4091 335 4156; x_wconf 75' lang='lat' dir='ltr'>Incerto]</span> <span class='ocrx_word' id='word_1_351' title='bbox 357 4093 425 4150; x_wconf 84' lang='lat' dir='ltr'>Quia</span> <span class='ocrx_word' id='word_1_352' title='bbox 435 4095 555 4147; x_wconf 77' lang='lat' dir='ltr'>Numida</span> <span class='ocrx_word' id='word_1_353' title='bbox 567 4115 618 4150; x_wconf 87' lang='lat' dir='ltr'>non</span> <span class='ocrx_word' id='word_1_354' title='bbox 632 4098 744 4159; x_wconf 81' lang='lat' dir='ltr'>stabant,</span> <span class='ocrx_word' id='word_1_355' title='bbox 798 4101 942 4166; x_wconf 69' lang='lat' dir='ltr'>ellonem]</span> <span class='ocrx_word' id='word_1_356' title='bbox 955 4104 1140 4156; x_wconf 84' lang='lat' dir='ltr'>Numidarum.</span> 
     </span>
     <span class='ocr_line' id='line_1_42' title="bbox 160 4159 1356 4234; baseline 0.009 -22"><span class='ocrx_word' id='word_1_357' title='bbox 160 4161 208 4212; x_wconf 76' lang='lat' dir='ltr'>sed</span> <span class='ocrx_word' id='word_1_358' title='bbox 225 4159 396 4224; x_wconf 72' lang='lat' dir='ltr'>accedebant,</span> <span class='ocrx_word' id='word_1_359' title='bbox 409 4169 435 4208; x_wconf 81' lang='lat' dir='ltr'>et</span> <span class='ocrx_word' id='word_1_360' title='bbox 450 4165 615 4226; x_wconf 79' lang='lat' dir='ltr'>recedebunt,</span> <span class='ocrx_word' id='word_1_361' title='bbox 632 4167 668 4216; x_wconf 75' lang='lat' dir='ltr'>Ile</span> <span class='ocrx_word' id='word_1_362' title='bbox 678 4183 709 4216; x_wconf 84' lang='lat' dir='ltr'>ne</span> <span class='ocrx_word' id='word_1_363' title='bbox 720 4185 745 4217; x_wconf 78' lang='lat' dir='ltr'>ce</span> <span class='ocrx_word' id='word_1_364' title='bbox 799 4169 816 4217; x_wconf 92' lang='lat' dir='ltr'>d</span> <span class='ocrx_word' id='word_1_365' title='bbox 829 4169 972 4234; x_wconf 78' lang='lat' dir='ltr'>Retinere]</span> <span class='ocrx_word' id='word_1_366' title='bbox 996 4174 1037 4222; x_wconf 86' lang='lat' dir='ltr'>Nc</span> <span class='ocrx_word' id='word_1_367' title='bbox 1049 4173 1155 4224; x_wconf 83' lang='lat' dir='ltr'>scilicet</span> <span class='ocrx_word' id='word_1_368' title='bbox 1166 4171 1256 4222; x_wconf 84' lang='lat' dir='ltr'>dubiis</span> <span class='ocrx_word' id='word_1_369' title='bbox 1269 4177 1299 4224; x_wconf 84' lang='lat' dir='ltr'>et</span> <span class='ocrx_word' id='word_1_370' title='bbox 1310 4188 1356 4224; x_wconf 86' lang='lat' dir='ltr'>ce·</span> 
     </span>
     <span class='ocr_line' id='line_1_43' title="bbox 161 4227 1093 4300; baseline 0.013 -24"><span class='ocrx_word' id='word_1_371' title='bbox 161 4229 267 4278; x_wconf 70' lang='lat' dir='ltr'>detulerit</span> <span class='ocrx_word' id='word_1_372' title='bbox 276 4236 323 4290; x_wconf 76' lang='lat' dir='ltr'>pur</span> <span class='ocrx_word' id='word_1_373' title='bbox 336 4229 366 4278; x_wconf 82' lang='lat' dir='ltr'>de</span> <span class='ocrx_word' id='word_1_374' title='bbox 376 4227 527 4292; x_wconf 75' lang='lat' dir='ltr'>pledserme.</span> <span class='ocrx_word' id='word_1_375' title='bbox 706 4249 708 4260; x_wconf 69' lang='lat'><strong>⁴</strong></span> <span class='ocrx_word' id='word_1_376' title='bbox 765 4233 889 4292; x_wconf 81' lang='lat' dir='ltr'>dentibus</span> <span class='ocrx_word' id='word_1_377' title='bbox 901 4251 976 4300; x_wconf 88' lang='lat' dir='ltr'>opem</span> <span class='ocrx_word' id='word_1_378' title='bbox 987 4237 1093 4288; x_wconf 79' lang='lat' dir='ltr'>ferrent.</span> 
     </span>
     <span class='ocr_line' id='line_1_44' title="bbox 195 4291 1352 4373; baseline 0.014 -31"><span class='ocrx_word' id='word_1_379' title='bbox 195 4291 412 4370; x_wconf 63' lang='lat' dir='ltr'>b,1,3⁰ll!&#39;⁰⁷¹⁰n&#39;⁰⁸·]</span> <span class='ocrx_word' id='word_1_380' title='bbox 438 4297 472 4346; x_wconf 85' lang='lat' dir='ltr'>Ut</span> <span class='ocrx_word' id='word_1_381' title='bbox 492 4295 691 4368; x_wconf 66' lang='lat' dir='ltr'>distinguantur</span> <span class='ocrx_word' id='word_1_382' title='bbox 710 4299 741 4352; x_wconf 87' lang='lat' dir='ltr'>ab</span> <span class='ocrx_word' id='word_1_383' title='bbox 797 4298 940 4366; x_wconf 65' lang='lat' dir='ltr'>caumes]</span> <span class='ocrx_word' id='word_1_384' title='bbox 953 4305 1063 4356; x_wconf 86' lang='lat' dir='ltr'>Omnino</span> <span class='ocrx_word' id='word_1_385' title='bbox 1074 4303 1240 4366; x_wconf 65' lang='lat' dir='ltr'>summietit</span> <span class='ocrx_word' id='word_1_386' title='bbox 1251 4304 1352 4373; x_wconf 86' lang='lat' dir='ltr'>quibus</span> 
     </span>
     <span class='ocr_line' id='line_1_45' title="bbox 137 4360 1215 4438; baseline 0.012 -28"><span class='ocrx_word' id='word_1_387' title='bbox 137 4363 145 4386; x_wconf 73' lang='lat'><strong>⁸</strong></span> <span class='ocrx_word' id='word_1_388' title='bbox 158 4360 312 4411; x_wconf 77' lang='lat' dir='ltr'>auxiliariis.</span> <span class='ocrx_word' id='word_1_389' title='bbox 764 4367 879 4433; x_wconf 82' lang='lat' dir='ltr'>plurima</span> <span class='ocrx_word' id='word_1_390' title='bbox 890 4372 1003 4436; x_wconf 86' lang='lat' dir='ltr'>quisque</span> <span class='ocrx_word' id='word_1_391' title='bbox 1014 4372 1117 4425; x_wconf 85' lang='lat' dir='ltr'>discere</span> <span class='ocrx_word' id='word_1_392' title='bbox 1129 4383 1215 4438; x_wconf 86' lang='lat' dir='ltr'>queat.</span> 
     </span>
    </p>
   </div>
   <div class='ocr_carea' id='block_1_7' title="bbox 0 0 1520 5060">
    <p class='ocr_par' dir='ltr' id='par_1_7' title="bbox 0 0 1520 5060">
     <span class='ocr_line' id='line_1_46' title="bbox 0 0 1520 5060; baseline 0 0"><span class='ocrx_word' id='word_1_393' title='bbox 0 0 1520 5060; x_wconf 95' lang='lat' dir='ltr'> </span> 
     </span>
    </p>
   </div>
  </div>
 </body>
</html>
