3034 5060
413 303 616 378 BELLUM
639 299 1018 388 JUGURTHINUM.
1253 307 1311 366 15⁵

111 479 214 544 aditu
228 477 352 542 relicto:
374 481 481 543 nam¹
491 478 598 540 omnia
613 481 732 552 natura,
747 479 830 540 velut
846 497 940 560 opere
961 489 1053 558 atque
1070 473 1221 551 consulto,
1235 494 1313 578 ppa-

61 641 64 649 ,
111 588 210 648 ceps
235 565 338 640 Quem
355 565 457 626 locum
473 561 614 638 Marius,
626 564 714 644 quod
728 565 771 625 ibt
787 586 870 646 regis
883 563 1019 625 thesauri
1037 577 1135 635 erant,
1147 582 1266 623 summa
1280 583 1312 622 vt

112 673 236 734 capere
252 651 400 713 intendit:
418 651 474 712 sed
491 671 527 710 ea
539 671 588 712 res
602 647 693 724 lorti,
705 647 799 750 quim
812 649 952 724 consilio,
965 647 1079 712 meliis
1096 663 1193 729 gesta.
1225 646 1313 708 Nam

113 738 251 801 castello
270 738 420 812 virorum,
436 750 529 816 atque
552 757 710 798 armorum
732 730 814 798 satis
829 757 941 816 magna
953 735 1011 807 vis,
1027 733 1188 806 frumenti,
1204 731 1313 794 etfons

114 843 231 904 aquae:
248 823 425 905 aggeribus,
441 821 652 904 turribusque,
665 838 696 884 et
712 821 780 884 aliis
797 821 1076 884 machinationibus
1091 819 1204 880 locus
1197 839 1313 916 tmpor-

112 923 227 970 tunus.
250 908 340 971 Ιιει9
350 906 587 968 castellanorum
598 921 765 988 angustum
776 908 959 975 admodum
968 921 1123 988 utrimque
1137 923 1312 1006 praectsum

111 991 232 1055 Vinea
245 1015 319 1056 curn
335 991 452 1092 ingenti
469 990 606 1073 periculo
623 989 737 1056 frustri
753 994 933 1076 agebantur.
965 991 1100 1052 Nam
1068 1013 1142 1054 cum
1160 1011 1202 1051 eae
1219 987 1312 1072 pauli>

110 1091 346 1178 processerant,
368 1077 446 1177 igni,
468 1091 521 1139 aut
543 1077 712 1178 lapidibus
725 1079 1012 1160 corrumpebantur.
1059 1075 1182 1138 Milites
1209 1097 1314 1158 neque

110 1165 197 1262 ³pro
218 1185 313 1246 opere
331 1163 510 1236 consistere,
529 1177 656 1246 propter
671 1164 868 1262 iniquitatem
884 1162 964 1235 loci;
985 1184 1089 1242 neque
1109 1163 1189 1223 inter
1204 1165 1311 1226 vincas

110 1259 127 1287 ²
140 1249 210 1311 sine
231 1248 371 1330 periculo
387 1248 621 1310 administrare:
646 1251 784 1330 optimus
803 1247 935 1330 quisque
953 1248 1076 1322 cadere,
1090 1263 1143 1308 aut
1160 1247 1313 1309 sauciari:

112 1335 242 1398 caeteris
259 1351 361 1398 metus
376 1334 494 1413 augeri
538 1332 585 1396 At
602 1334 740 1433 Marius,
755 1333 860 1396 multis
877 1333 999 1431 diebus,
1015 1349 1046 1394 et
1065 1331 1222 1394 laboribus
1240 1355 1313 1395 con-

112 1419 268 1519 sumptis,
279 1419 391 1482 anxius
406 1419 550 1482 ⁴trahere
564 1441 635 1481 cum
649 1420 754 1482 animo
766 1441 835 1518 suo,
847 1419 1044 1479 omitteretne
1058 1421 1226 1498 inceptum,
1237 1441 1314 1498 quo·

114 1505 208 1568 niam
223 1503 338 1568 frustrit
350 1520 425 1578 erat,
441 1525 480 1565 an
496 1503 682 1568 fortunam
692 1505 898 1588 opperiretur,
912 1523 971 1584 qua
984 1523 1064 1586 saepe
1080 1500 1226 1603 prosperi
1241 1525 1316 1568 usus

112 1589 234 1652 fuerat.
279 1587 430 1664 ⁵Quae
398 1611 473 1652 cum
489 1592 602 1652 multos
619 1591 699 1669 dies,
714 1607 886 1675 noctesque
903 1605 1037 1652 aestuans
1056 1590 1206 1689 agitarem
1232 1587 1314 1650 forte

112 1676 250 1760 quidam
272 1677 407 1759 ‘Ligus
430 1696 470 1737 ex
489 1676 669 1740 cohortibus
693 1677 877 1752 auxiliariis,
899 1677 988 1736 miles
1012 1676 1186 1758 gregarius,
1204 1677 1315 1738 castris

113 1777 270 1859 aquatum
297 1783 452 1842 egressus,
466 1762 553 1822 haud
577 1762 684 1841 procul
709 1765 746 1822 ab
766 1765 860 1824 latere
884 1761 1014 1837 castelli,
1035 1763 1120 1838 quod
1143 1763 1314 1826 adversum

113 1843 331 1928 proeliantibus
347 1860 424 1920 erat,
437 1845 675 1906 animadvertit
668 1861 748 1906 mter
759 1869 833 1906 saxa
844 1861 987 1926 repentes
999 1848 1158 1908 cochleas
1151 1893 1159 1918 ,
1177 1869 1313 1928 quarum
1329 1895 1332 1904 .

116 1930 199 1993 etim
217 1951 322 2008 unam,
338 1945 431 2012 atque
446 1930 586 2006 alteram,
597 1929 670 1990 dein
684 1931 790 2012 plures
805 1943 934 2031 peteret,
944 1931 1049 1991 studio
1065 1931 1192 2012 legundi
1209 1936 1314 2014 paula

114 2017 178 2078 tim
195 2037 291 2098 prope
308 2015 347 2078 ad
364 2035 524 2076 summum
543 2017 659 2078 montis
676 2037 820 2097 egressus
837 2031 893 2078 est.
913 2013 1007 2076 Ubi
1020 2031 1187 2098 postquam
1205 2021 1314 2080 solitu·

113 2103 229 2164 dinem
252 2101 415 2174 intellexit,
430 2121 517 2162 more
538 2101 680 2162 humanae
703 2101 891 2184 cupidinis
885 2122 991 2182 ignara
1013 2101 1151 2172 visundi,
1173 2103 1314 2166 animum

39 2245 41 2252 .
109 2186 226 2250 vertit.
266 2187 309 2250 Et
324 2183 431 2249 lorte
422 2208 455 2248 ιιι
471 2206 508 2247 eo
524 2187 593 2247 loco
607 2189 737 2269 grandis
753 2189 817 2250 ilex
832 2188 1014 2250 coaluerat
1007 2203 1088 2249 mter
1102 2205 1189 2262 saxa,
1206 2181 1315 2268 paulu
1354 2221 1357 2226 ·

115 2273 192 2338 lum
205 2271 333 2336 modi)d
340 2293 447 2356 prona,
459 2273 537 2352 dein
548 2273 640 2372 Ηιιιιι,
652 2290 744 2371 atque
761 2287 850 2336 aucta
863 2274 893 2335 in
906 2272 1138 2346 altitudinem,
1127 2291 1190 2355 quo
1204 2290 1316 2338 cuncta

113 2357 320 2442 gignentium
331 2373 440 2422 natura
452 2357 535 2419 fert:
525 2359 640 2456 .cujns
652 2359 747 2420 ramis
760 2357 868 2435 modii,
879 2355 976 2420 modi)
987 2359 1206 2434 eminentibus,
1217 2362 1314 2438 saxis,

112 2447 209 2510 nisus
223 2445 339 2530 Ligus,
352 2443 469 2508 castelli
482 2444 673 2530 planitiem
680 2445 862 2526 perscribit;
880 2440 967 2526 quiid
984 2445 1086 2506 cuncti
1102 2445 1136 2506 N
1140 2445 1274 2508 umtdae
1266 2467 1313 2520 tn·

569 2575 869 2630 ιιιιιιιιιιιιιιιιο.
901 2631 904 2638 ,

162 2677 176 2717 ²
192 2677 272 2739 Nom
290 2676 332 2738 ibi
350 2695 405 2759 per
420 2675 520 2738 omnia
534 2675 602 2736 loca
616 2685 706 2735 natu-
728 2670 825 2748 vebat,
839 2676 1030 2738 desereretne
1046 2677 1130 2760 qnod
1148 2658 1313 2759 inceperat,

113 2783 159 2835 ra
175 2775 242 2826 erat
250 2777 388 2847 preceps
403 2763 491 2847 quasi
507 2774 605 2845 opere,
617 2772 708 2844 atque
728 2761 876 2844 quoniam.
897 2783 957 2824 non
979 2763 1171 2846 procedebat,
1192 2783 1233 2826 aa
1259 2785 1312 2826 ex-

111 2852 156 2913 de
168 2851 342 2912 industrio.
724 2859 862 2928 pecteret
873 2847 1050 2930 sartonam.

163 2936 177 2970 ²
198 2937 262 2995 Iter
280 2955 386 2996 eoram
406 2935 558 2996 bominum
579 2931 633 3016 qni
657 2951 713 2991 ca-·
770 2935 783 2968 ⁵
805 2931 883 3018 Qua
898 2931 968 2994 ciam
982 2945 1043 3016 per
1061 2935 1170 2997 multas
1188 2936 1266 3010 dies,
1282 2949 1314 2998 et

117 3019 240 3084 stellam
262 3020 431 3082 incolebant
457 3030 524 3080 erat
548 3017 705 3078 admodum
728 3019 1013 3080 noctesMatiusvo
1016 3021 1120 3092 l,aeret
1131 3019 1200 3082 ciem
1216 3023 1313 3082 animi

117 3117 299 3188 ιιιιμιιιιιιιι,
314 3115 392 3167 etex
406 3116 536 3190 utroque
543 3105 638 3166 latere
652 3103 704 3164 ab·
727 3103 862 3165 maxima
851 3103 1075 3188 fluctuatione
1090 3117 1119 3165 et
1130 3107 1313 3186 agitatione,

116 3203 256 3276 raptum.
718 3188 809 3274 sorte
825 3192 948 3274 quidam
967 3191 1077 3273 ligus,
1093 3192 1178 3252 miles
1191 3213 1311 3291 grega-

163 3278 176 3314 ³
193 3277 262 3339 Mil
262 3279 317 3342 iles
328 3289 574 3362 aequepoterant
588 3275 703 3338 consic-
728 3276 795 3336 riae
811 3298 849 3338 ex
864 3277 1036 3338 cohortibus
1051 3277 1242 3351 auxiliariis,
1256 3280 1310 3362 qui

120 3375 187 3425 tere
210 3365 253 3424 od
271 3376 345 3446 opas
364 3361 557 3454 factendam,
573 3372 705 3443 propter
728 3362 839 3422 castris
855 3383 997 3446 egressas
1013 3375 1081 3424 erat
1095 3363 1311 3443 adpetendam

118 3449 312 3532 iniquitatem
328 3451 394 3510 laci.
444 3447 456 3462 ’
727 3467 847 3529 aquam,
863 3448 1081 3511 animaduertit
1104 3447 1238 3508 caebleac
1262 3469 1310 3510 re·

163 3536 177 3571 ⁴
201 3533 245 3594 Ar
266 3531 402 3607 Marius,
424 3532 527 3595 multis
550 3531 653 3593 diebus
675 3543 706 3594 et
722 3543 830 3612 pentes
852 3533 933 3594 inter
952 3553 1041 3606 saxa,
1064 3553 1124 3593 non
1141 3533 1310 3630 proculab

117 3605 276 3708 laboribus
293 3621 490 3702 consumptis,
507 3618 639 3679 maxime
655 3639 703 3679 ao·
726 3619 757 3678 la
758 3628 821 3679 tere
832 3617 957 3694 castelli,
969 3617 1051 3698 qaod
1061 3619 1232 3700 oppositum
1241 3629 1311 3682 erat

117 3706 224 3768 licitus
247 3703 314 3766 cum
330 3705 430 3768 labore
451 3707 551 3768 animo
573 3725 628 3768 aaa
643 3704 704 3766 vol·
727 3703 826 3780 lateri,
840 3703 891 3764 abi
902 3703 984 3786 piel
982 3704 1046 3764 ium
1058 3715 1136 3766 erat.

664 3805 780 3854 NOTAE

152 3905 170 3940 a
189 3893 248 3942 Sine
261 3889 391 3957 pertracto]
415 3887 482 3948 Quia
499 3889 579 3940 vineae
598 3887 659 3954 igne
680 3895 707 3937 et
728 3887 809 3939 altum
828 3902 976 3953 assurgere,
997 3885 1044 3936 sed
1062 3887 1199 3951 paululum
1217 3885 1312 3940 verstls

119 3954 252 4022 lapidibus
261 3899 466 4008 subruebantur.
730 3955 781 4002 ima
793 3957 890 4004 montis
902 3954 1024 4004 inflexam
1040 3953 1130 4014 luisse,
1144 3963 1225 4021 prout
1243 3955 1311 4006 illud

156 4023 172 4072 b
187 4027 354 4100 opperiretur.
358 4023 368 4087 ]
380 4028 438 4074 Non
450 4029 560 4090 possunt
573 4021 645 4072 istud
655 4035 706 4069 non
730 4022 755 4069 in
768 4021 835 4071 locis
849 4022 997 4072 declivibus
1011 4025 1195 4085 conspicatum
1215 4021 1313 4072 deinde

122 4090 209 4140 mirari
212 4091 385 4158 ,quil'ortunae
395 4107 487 4142 aurum
498 4107 547 4143 non
558 4100 706 4140 senserunt.
729 4103 786 4137 sese
795 4090 912 4139 erexisse
915 4103 1062 4154 ,usumque
1073 4090 1149 4140 scala
1159 4088 1312 4154 praebuisse,

157 4160 267 4222 cLigae.
270 4157 344 4222 ]Qui
356 4167 455 4210 eratex
465 4159 585 4226 Ligarii
607 4157 649 4208 Ua
662 4157 704 4206 Ge
728 4164 758 4205 ut
770 4171 862 4204 saxum
875 4156 1053 4206 scanderetur.

122 4227 168 4272 rna.
310 4244 323 4264 s
760 4220 951 4284 ePerecnbit]
968 4225 994 4274 tt
984 4227 1120 4276 treconrtat
1132 4223 1310 4288 bimbtplace.

155 4289 174 4340 d
186 4289 296 4353 Prona]
309 4291 433 4360 intellige
447 4293 566 4342 arborem
576 4284 667 4366 primii
672 4305 705 4338 ex
729 4291 754 4341 [t
761 4294 854 4356 capnt
865 4293 961 4356 leplan

120 4371 186 4408 saxo
201 4367 350 4414 nascentem
367 4375 418 4414 ιιοιι
435 4359 556 4426 potuisse
572 4374 584 4408 s
586 4357 670 4410 latim
680 4356 707 4410 iu
