3034 5054
697 302 946 370 SALLUSTH

709 857 927 956 menone

315 1123 556 1190 HACTENUS
558 1127 744 1212 fragmenta
748 1125 967 1213 florentissimi
980 1145 1082 1186 rernm
1093 1127 1297 1190 Romanorum
1310 1124 1411 1208 serila

232 1211 320 1288 toris,
334 1233 399 1298 qun
414 1226 519 1276 extare
528 1225 684 1296 putamus.
722 1215 838 1276 Cetera
852 1234 918 1296 quoe
931 1213 1155 1294 sequuntur,ia
1170 1213 1263 1275 MS.
1304 1213 1411 1273 Servio

229 1297 292 1379 legi
306 1309 473 1360 auctorest
492 1299 525 1360 V.
543 1299 589 1360 ct.
606 1297 747 1362 Andreas
762 1299 922 1360 Scitottas:
944 1298 977 1356 in
991 1298 1105 1378 optima
1124 1310 1221 1360 tamen
1237 1301 1290 1360 itta
1308 1299 1410 1358 Hono·

230 1383 295 1444 rati
309 1384 439 1446 editione
453 1381 474 1444 ὰ
490 1383 584 1446 Petro
598 1385 731 1447 Daniele
745 1386 772 1446 J.
791 1384 1001 1465 Optatianai
1017 1403 1077 1444 non
1092 1396 1276 1466 comparent.

272 1468 336 1530 *m
357 1489 394 1530 or
408 1468 540 1550 Trequii
564 1485 674 1551 praeter
693 1491 726 1531 sr
746 1469 847 1531 aciem
865 1467 1070 1529 necessariam
1093 1469 1176 1531 haud
1198 1471 1298 1531 multo
1321 1488 1410 1530 secus

230 1549 326 1634 quam
342 1553 425 1616 ferro
440 1554 545 1615 noceri
560 1569 691 1635 poterat.
736 1553 784 1614 At
799 1553 960 1628 Varinius,
975 1551 1050 1612 dum
1064 1552 1127 1614 haec
1142 1568 1278 1635 aguntur
1292 1551 1310 1614 ὲ
1327 1553 1408 1633 fugi-

229 1640 305 1700 tivis
316 1640 398 1718 aegrtl
411 1654 498 1718 parte
510 1639 646 1700 militum
662 1636 803 1700 autumni
819 1637 981 1718 gravitate,
993 1658 1089 1718 neque
1100 1659 1140 1698 ex
1151 1641 1306 1719 postremi
1316 1637 1411 1718 fugi:

225 1741 299 1785 cum
311 1741 420 1782 severo
433 1723 536 1784 edicto
546 1722 742 1806 juberentur,
755 1720 826 1783 ullis
841 1722 978 1803 adsigna
994 1722 1204 1798 redeuntibus,
1213 1738 1245 1783 et
1260 1724 1318 1803 qui
1334 1723 1410 1784 reli·

229 1807 285 1888 qui
307 1820 394 1868 erant
415 1825 470 1888 per
492 1827 616 1870 summa
634 1807 752 1891 flagitia
773 1807 1014 1869 detrectantibus
1037 1806 1191 1883 militiam,
1207 1806 1410 1880 Quaestorem

227 1912 320 1956 suum
329 1887 376 1954 Ὁ.
389 1891 586 1955 Thoranium
600 1914 640 1955 ex
655 1915 719 1975 quo
729 1906 877 1975 prasente
892 1912 965 1953 vera
976 1887 1123 1953 facillime
1140 1907 1313 1954 noscerent.
1342 1889 1409 1936 *i*

226 1976 457 2053 commiserant,
469 1991 500 2038 et
514 1991 618 2039 tamen
632 1979 756 2040 interim
772 1997 870 2058 quum
884 1978 1059 2039 volentibus
1074 1998 1207 2042 numero
1223 1992 1367 2059 quatuor.

271 2061 401 2144 *ingr-e,
415 2075 505 2124 tantae
520 2062 598 2124 fetui
614 2063 853 2136 debacchantur,
868 2061 1037 2124 nefandum
1059 2061 1091 2123 in
1111 2064 1242 2124 modum
1262 2082 1408 2146 perverso

226 2149 354 2211 vulnere
370 2161 403 2209 et
417 2146 574 2234 interdum
589 2148 726 2210 lacerum
741 2167 854 2229 corpus
869 2148 1088 2209 semianimum
1105 2149 1293 2224 omittentes,
1308 2145 1359 2208 alii
1375 2147 1409 2206 iu

226 2246 308 2294 tecta
318 2230 475 2315 jaciebant
489 2231 587 2313 ignes,
603 2234 755 2313 multique
770 2253 812 2294 ex
832 2234 900 2294 loco
922 2233 1003 2294 servi
1023 2252 1102 2312 quos
1123 2233 1283 2314 ingenium
1305 2231 1404 2294 socios

169 2311 173 2319 ’
228 2317 332 2393 dabat,
345 2316 450 2378 abdita
465 2312 629 2378 idomiuis
645 2333 699 2380 aut
714 2319 798 2400 ipsos
811 2317 972 2378 trahebant
985 2319 1183 2390 ex.occulto;
1205 2337 1305 2398 neque
1320 2337 1406 2378 sauc-

227 2418 296 2464 tum
312 2415 364 2464 aut
375 2400 545 2465 nefandum
557 2404 725 2484 quicquam
741 2401 802 2464 fuit
812 2401 865 2464 irae
879 2402 1090 2477 barbarorum,
1106 2416 1138 2463 et
1148 2401 1254 2464 servili
1264 2401 1407 2483 ingenio:

228 2507 297 2568 quae
312 2497 326 2525 ²
335 2486 499 2572 Spartacus
514 2489 666 2569 nequiens
681 2488 844 2572 prohibere
860 2487 967 2550 multis
982 2487 1125 2570 precibus
1141 2485 1218 2551 citm
1233 2499 1345 2564 oraret,
1359 2505 1408 2550 ce·

226 2571 348 2636 leritate
364 2571 432 2616 *ἢ
447 2573 583 2636 nuntios.
764 2567 769 2575 ’
1404 2599 1408 2610 ·

272 2657 407 2738 Aliquot
422 2656 490 2718 dies
505 2655 611 2720 contri
630 2675 750 2720 morem
767 2658 881 2721 fiducia
896 2658 1004 2742 augeri
1020 2659 1134 2732 nostris
1150 2658 1251 2742 coepit,
1265 2675 1297 2723 et
1309 2659 1406 2742 promi

226 2741 343 2822 lingua.
389 2740 462 2812 Qua
477 2742 627 2806 Vatinius
647 2740 752 2806 contri
772 2759 942 2826 spectatem
962 2764 1030 2806 rem
1053 2742 1175 2807 incaute
1194 2763 1297 2807 motus
1312 2763 1407 2806 novos

226 2826 462 2907 incognitosque
483 2841 514 2887 et
533 2828 665 2892 aliorum
685 2830 807 2891 casibus
822 2830 978 2911 perculsos
999 2829 1125 2908 milites,
1142 2831 1231 2894 ducit
1250 2845 1351 2892 tamen
1368 2829 1407 2892 ad

142 2919 146 2932 ‘
225 2925 327 2974 castra
342 2907 558 2993 fugitivorum.
604 2913 717 2976 Presso
732 2915 832 2996 gradu
847 2915 990 2976 sistentes
1001 2915 1081 2997 jam,
1094 2936 1196 2997 neque
1210 2931 1274 2978 tam
1287 2914 1403 2996 magni·

228 2994 286 3060 lice
309 3013 467 3060 sumentes
489 2995 629 3080 proelium
644 2995 740 3081 quim
762 3000 1002 3080 postulaverant.
1048 2998 1157 3081 Atque
1180 3001 1225 3062 illi
1246 2999 1404 3063 certamini

228 3083 440 3164 consciiinter
454 3104 488 3142 se
506 3084 600 3166 juxta
615 3085 801 3164 seditionem
824 3100 922 3146 erant.
967 3083 1066 3161 Crixo
1087 3100 1119 3146 et
1140 3086 1242 3168 gentis
1264 3085 1404 3168 ejusdem

229 3167 328 3230 Gallis
341 3184 433 3246 atque
448 3169 615 3230 Germanis
629 3169 754 3232 obviam
769 3168 827 3249 ire,
838 3183 872 3232 ut
885 3168 966 3233 ultrti
979 3169 1089 3232 offerre
1104 3190 1242 3255 pugnam
1256 3169 1406 3252 cupienti·

227 3252 284 3314 bus
300 3251 404 3314 contri
416 3250 609 3333 Spartacum.
637 3311 642 3328 ι
1324 3295 1329 3298 -

759 3463 874 3510 NOTAE.

259 3698 276 3732 a
294 3683 454 3748 martarus]
479 3684 529 3735 Hic
548 3694 591 3736 est
612 3682 659 3752 qui
679 3678 730 3733 una
747 3697 820 3733 cum·
832 3684 957 3735 vexillum
969 3692 997 3736 et
1009 3685 1044 3737 ad
1057 3684 1185 3736 auxilium
1198 3683 1418 3745 monterionem

224 3749 303 3816 crixo
315 3759 343 3798 et
359 3753 499 3810 Oenotriae,
514 3748 626 3802 eil'racto
646 3749 754 3799 Lentulo
769 3750 807 3799 lu·
832 3753 873 3801 nis
889 3768 978 3816 grave,
998 3751 1294 3821 idemqueprobrosum
1310 3751 1412 3805 mutim

224 3816 269 3874 do,
285 3830 345 3863 cum
363 3819 476 3881 triginta
493 3830 539 3866 anit
559 3813 670 3880 amplius
687 3814 806 3880 ejusdem
832 3819 930 3870 intulit.

224 3883 333 3934 fortune
345 3883 408 3946 viris
416 3886 504 3948 capua
513 3887 618 3949 erupit:
629 3881 764 3948 seruisque
773 3883 807 3934 acl
