3034 5060
423 365 626 434 nattum
650 367 1025 452 Jucuarrununt.
1259 379 1319 436 res

136 553 327 626 preceptum
343 539 455 617 fuerat,
466 543 613 606 evadunt.
660 541 790 606 Amisso
804 553 818 582 ²
827 543 897 605 loco
911 542 1062 606 Numidae
1071 539 1146 618 lusi,
1157 541 1319 627 fugatique

135 629 233 710 pauci
248 628 392 700 interiere
405 651 413 688 t
428 628 762 710 plerosquevelotitaa,
773 646 804 692 et
815 630 903 710 regio
917 625 1081 691 ¹>hostibus
1093 631 1210 710 ignara,
1221 645 1320 692 tutata

134 730 222 776 eunt.
266 714 389 776 Interea
408 715 577 790 Bomilcar,
593 735 687 796 quem
710 715 892 797 elephantis,
906 729 938 775 et
953 715 1032 795 parti
1047 713 1207 796 copiarum
1224 715 1317 794 pede·

136 799 249 860 attium
260 796 444 882 praefectum
456 799 494 860 ab
504 794 657 884 Iugurtha
669 796 761 882 suprit
777 799 927 874 diximus,
939 799 991 860 ubi
1004 821 1077 862 curn
1095 799 1233 860 Rutilius
1246 821 1320 880 pra·

133 897 309 966 tergressue
322 899 381 960 est,
394 885 552 966 paullatim
564 907 636 950 suus
651 885 682 946 in
695 907 820 966 aequum
835 887 940 948 locum
955 885 1100 956 deducit;
1124 905 1170 958 ac,
1183 885 1260 946 dnm
1276 885 1320 946 le·

132 983 228 1050 gatus
242 972 283 1032 ad
297 970 425 1044 flumen,
439 968 502 1050 qud
518 971 696 1051 premissus
711 985 787 1044 erat,
802 969 951 1032 festinans
966 971 1084 1052 pergit;
1101 971 1258 1050 ¹quietus,
1274 965 1320 1032 uti

132 1073 186 1116 res
197 1055 382 1136 postulabat,
393 1054 491 1116 aciem
502 1069 647 1118 exornat:
659 1077 762 1138 neque
775 1055 917 1129 remittit,
929 1055 1004 1136 quid
1015 1055 1129 1135 ubique
1140 1056 1237 1118 hostis
1249 1077 1322 1137 age·

131 1153 197 1216 ret,
211 1139 386 1220 explorare.
420 1139 590 1222 Postquam
606 1141 762 1203 Rutilium
779 1142 956 1204 consedisse
969 1140 1047 1222 jam,
1063 1155 1094 1200 et
1109 1142 1212 1204 animo
1228 1161 1322 1204 vacu-

129 1243 192 1286 um
208 1224 339 1306 accepit,
354 1223 509 1308 simulque
530 1247 571 1286 ex
586 1226 749 1307 Jugurtbae
767 1227 872 1306 proelio
888 1227 1055 1286 clamorem
1072 1229 1191 1306 augeri,
1204 1227 1324 1288 veritus

128 1328 175 1370 ne
188 1311 311 1389 legatus
320 1311 442 1390 cogniti
450 1329 496 1387 re,
506 1311 715 1373 laborantibus
725 1311 791 1389 attis
800 1311 916 1372 auxilio
925 1309 1017 1382 foret,
1026 1311 1136 1384 aciem,
1146 1332 1251 1392 quam,
1260 1311 1323 1374 dif-

130 1395 239 1456 fidens
254 1395 362 1456 virtuti
378 1395 526 1473 militum,
541 1397 629 1458 ²arte
645 1409 794 1458 statuerat
806 1395 869 1476 qud
885 1393 1020 1456 boatium
1037 1395 1161 1456 citineri
1178 1398 1324 1474 officeret,

133 1478 234 1542 latitia
249 1479 380 1562 porrigit
390 1493 517 1563 reoque
532 1481 628 1544 modo
643 1482 684 1544 ad
698 1479 810 1542 Rutilii
825 1496 924 1544 castra
935 1480 1087 1560 procedit.
1133 1480 1265 1542 Romani
1284 1503 1325 1544 ex

132 1563 310 1648 improviso
325 1567 462 1648 pulveris
474 1568 538 1628 vim
553 1587 698 1648 magnam
713 1567 974 1628 animadvertunt.
1022 1566 1107 1628 Nam
1124 1560 1325 1648 proipectum

132 1669 213 1731 ager
232 1651 364 1714 arbustis
386 1652 523 1714 consitus
545 1653 736 1734 prohibebat.
785 1651 828 1716 Et
850 1649 953 1734 primd
972 1651 1031 1712 rati
1054 1652 1185 1714 humum
1203 1653 1325 1714 aridam

133 1750 232 1797 vento
250 1736 380 1818 agitari:
403 1754 485 1818 post,
499 1739 554 1799 nbi
576 1739 759 1819 aequabilem
775 1759 912 1813 manere,
928 1751 960 1799 et
975 1738 1055 1798 sicut
1075 1739 1158 1800 acies
1174 1739 1324 1800 moveba-

132 1831 200 1896 tur,
211 1821 312 1901 magis
323 1819 488 1902 magisque
500 1824 745 1902 appropinquare
760 1825 887 1884 vident:
902 1822 1026 1902 cogniti
1040 1814 1324 1906 ‘improperantes

134 1923 227 1968 arma
242 1905 377 1986 capiunt,
393 1923 429 1967 ac
450 1925 508 1986 pro
526 1908 644 1982 castris,
660 1907 741 1968 sicut
763 1907 983 1987 imperabatur,
999 1909 1181 1969 consistunt.
1228 1911 1325 1988 Dein,

135 1989 193 2052 ubi
210 1990 340 2071 propitia
350 2003 480 2052 ventum
496 2006 555 2065 est,
569 1993 729 2072 utrimque
743 2010 857 2074 magno
873 1992 1006 2052 clamore
1023 1993 1227 2053 concurritur.
1252 1994 1285 2054 N
1289 2016 1324 2056 u-

104 2129 108 2136 .
133 2074 233 2139 midae
251 2077 468 2138 tantummodo
491 2077 672 2153 ‘remorati
687 2077 763 2138 dum
786 2077 817 2138 in
839 2075 1009 2158 elephantis
1030 2075 1183 2138 auxilium
1206 2093 1325 2156 putant,

134 2165 304 2242 postquam
320 2183 374 2223 eos
390 2161 558 2244 impeditos
574 2163 670 2224 ramis
686 2163 843 2248 arborum,
859 2176 952 2244 atque
968 2161 1012 2224 ita
1026 2157 1175 2244 disjectos
1191 2163 1326 2224 circum-

134 2247 239 2308 veniri
254 2246 372 2323 vident,
383 2246 491 2330 fugam
508 2245 644 2310 faciunt:
668 2267 704 2310 ac
719 2247 871 2329 plerique,
890 2246 1018 2330 abjectis
1035 2247 1143 2320 armis,
1158 2248 1257 2323 coliis,
1272 2263 1326 2312 aut

133 2331 250 2406 noctis,
266 2353 335 2412 quae
351 2333 419 2418 jam
440 2334 558 2409 aderat,
573 2333 690 2396 auxilio
706 2333 819 2414 integri
835 2335 959 2394 abeunt.
1004 2331 1170 2414 Elephanti
1192 2349 1326 2414 quatuor

135 2417 232 2498 capti,
248 2418 362 2498 reliqui
383 2439 492 2480 ornnes
514 2439 645 2482 numero
660 2416 885 2500 ‘quadraginta
906 2415 1071 2478 interfecti.
1118 2419 1166 2480 At
1189 2418 1325 2484 Romani

134 2511 331 2584 quamquam
347 2503 469 2574 itinere,
485 2518 577 2584 atque
595 2513 713 2586 gopere
729 2519 902 2566 castrorum
919 2515 950 2564 et
965 2503 1070 2583 prelio
1087 2501 1324 2586 fessi,'lasaique

133 2603 242 2661 erant3
255 2603 370 2664 tamen,
386 2588 473 2671 qudd
490 2589 643 2650 Metellus
659 2589 792 2670 amplius
805 2587 950 2672 opinione
967 2589 1155 2664 morabatur,
1171 2589 1325 2665 instructi,

135 2669 333 2756 hintentique
348 2671 473 2738 obvitim
489 2677 671 2757 procedunt.
718 2673 804 2736 Nam
815 2675 912 2735 dolus
929 2671 1145 2736 Numidarum
1161 2673 1239 2736 nibil
1259 2676 1324 2736 lan·

136 2758 239 2842 guidi,
254 2779 355 2840 neque
370 2760 493 2822 remissi
508 2760 693 2842 patiebatur.
717 2759 770 2820 Ac
785 2757 888 2842 primo
899 2759 1030 2820 obscuri
1040 2775 1142 2834 nocte,
1157 2772 1344 2841 postquam.

136 2843 223 2906 haud
242 2847 351 2927 procul
372 2842 470 2908 iinter
489 2863 523 2906 se
539 2861 636 2918 erant,
651 2847 795 2926 strepitu,
811 2844 908 2908 veluti
931 2843 1035 2904 hostes
1058 2843 1261 2906 adventarent
1279 2846 1324 2908 al·

98 2931 103 2956 ¹
135 2929 199 2990 teri
223 2931 305 3011 apud
326 2932 437 2991 alteros
461 2929 792 3003 formidinem'simul,
806 2943 838 2992 et
856 2929 1026 2992 tumultum
1046 2926 1164 2990 facere:
1189 2945 1220 2990 et
1242 2930 1322 3010 penti

136 3013 348 3095 imprudentia
367 3011 567 3078 kadmissum
590 3015 709 3078 facinus
730 3014 917 3093 miserabile,
935 3015 968 3078 ni
992 3014 1150 3095 utrimque
1171 3015 1323 3096 premissi

580 3181 880 3232 INTERPRETATIO.

180 3354 191 3387 ¹
208 3352 262 3427 Et,
276 3351 347 3414 dum
360 3352 499 3415 Rutilius
516 3351 634 3433 legatur
643 3363 718 3433 pro·
782 3353 795 3388 ²
820 3351 966 3434 Porrigit
983 3348 1079 3412 lotitia
1100 3351 1205 3423 aciem.
1232 3373 1322 3435 quam

132 3448 226 3520 perot
250 3439 293 3498 ud
308 3437 440 3521 flumen,
462 3437 515 3519 qui
539 3438 720 3518 premissus
742 3437 934 3498 tnstmxerar
954 3437 1057 3498 denaia
1079 3436 1247 3514 ordinibus,
1261 3437 1322 3524 dff-

136 3533 228 3590 eran
252 3521 406 3584 Bomilcar
423 3533 484 3606 per
508 3521 601 3582 otium
626 3522 719 3587 aciem
731 3517 839 3605 fidens
854 3521 1114 3582 virtutimilitum.

136 3607 279 3683 instruit,
294 3605 341 3670 uti
358 3628 407 3670 ree
416 3607 599 3691 poatttlnbat.

640 3833 641 3840 χ
674 3769 789 3828 nora.

168 3949 185 3982 a
196 3931 286 3997 Lace]
299 3931 382 3992 Colle,
394 3932 504 3984 scilicet.
773 3945 792 3998 g
808 3927 907 3995 Opere]
919 3928 1027 3980 Scilicet
1037 3937 1124 3980 castra
1132 3929 1288 3984 munierant.

167 3999 338 4064 biberibus]
349 3999 480 4050 Romanis.
773 3999 790 4048 h
803 3997 960 4060 latentique]
981 3997 1049 4046 Hinc
1062 3995 1149 4048 videat
1163 3998 1255 4062 quales
1267 3996 1322 4048 fue·

169 4079 186 4114 o
198 4070 306 4131 lauert]
325 4066 489 4116 ninimirum
506 4064 616 4118 Metello
629 4062 719 4114 auxili·
739 4065 792 4118 rint
804 4066 919 4115 Romani.
1110 4107 1112 4114 ,

136 4143 181 4184 tan
191 4135 294 4186 adl'eme
303 4134 456 4184 volnissent.
772 4133 781 4182 i
794 4133 863 4180 irater
873 4128 920 4194 aa]
935 4132 972 4178 De
984 4131 1108 4180 Romanis
1118 4130 1246 4194 loquitur,
1257 4138 1321 4192 quo-

133 4223 135 4226 ·
170 4196 260 4270 dila]
273 4201 437 4260 Exercitum,
447 4199 561 4260 scilicet,
569 4199 718 4250 adventare.
740 4213 797 4248 rum
811 4198 855 4248 alii
868 4211 928 4248 cum
946 4196 1067 4256 Metello,
1080 4197 1124 4246 alii
1141 4199 1201 4244 cunt
1218 4195 1320 4246 Rutilio

170 4279 187 4312 e
199 4267 344 4330 remorata]
355 4269 390 4316 Ila
398 4268 594 4332 nefirerttserme
603 4283 658 4328 qtae,
670 4267 718 4316 &a
738 4272 822 4316 erant.

169 4327 185 4380 f
197 4331 395 4396 Quadraginta]
408 4335 436 4386 in
449 4333 618 4398 quibusdam,
628 4333 719 4400 trigin·
744 4359 748 4366 ·
771 4329 958 4392 kadmium]
974 4332 1020 4388 Ut,
1031 4327 1145 4390 scilicet,
1159 4325 1269 4380 Rotnani
1282 4329 1339 4400 in„

135 4405 163 4448 ta
174 4397 280 4452 tanttltu
289 4409 465 4452 numerantur.
682 4421 684 4428 ⁴
738 4396 823 4450 vicem
834 4403 990 4464 pugnarent.
1223 4409 1226 4414 ·
