<?xml version="1.0" encoding="UTF-8"?>
<!DOCTYPE html PUBLIC "-//W3C//DTD XHTML 1.0 Transitional//EN"
    "http://www.w3.org/TR/xhtml1/DTD/xhtml1-transitional.dtd">
<html xmlns="http://www.w3.org/1999/xhtml" xml:lang="en" lang="en">
 <head>
  <title>
</title>
<meta http-equiv="Content-Type" content="text/html;charset=utf-8" />
  <meta name='ocr-system' content='tesseract 3.04.00' />
  <meta name='ocr-capabilities' content='ocr_page ocr_carea ocr_par ocr_line ocrx_word'/>
</head>
<body>
  <div class='ocr_page' id='page_1' title='image "./operaomniaquaee00crisgoog_0045.png"; bbox 0 0 3070 5034; ppageno 0'>
   <div class='ocr_carea' id='block_1_1' title="bbox 186 208 945 320">
    <p class='ocr_par' dir='ltr' id='par_1_1' title="bbox 186 208 945 320">
     <span class='ocr_line' id='line_1_1' title="bbox 186 208 945 320; baseline 0.005 -14"><span class='ocrx_word' id='word_1_1' title='bbox 186 256 195 273; x_wconf 68' lang='lat'>=</span> <span class='ocrx_word' id='word_1_2' title='bbox 233 253 274 320; x_wconf 74' lang='lat' dir='ltr'>aa</span> <span class='ocrx_word' id='word_1_3' title='bbox 548 208 591 241; x_wconf 67' lang='lat'>&#39;²</span> <span class='ocrx_word' id='word_1_4' title='bbox 694 233 945 312; x_wconf 77' lang='lat' dir='ltr'>snnnusrrt</span> 
     </span>
    </p>
   </div>
   <div class='ocr_carea' id='block_1_2' title="bbox 156 396 1426 2502">
    <p class='ocr_par' dir='ltr' id='par_1_2' title="bbox 231 396 1426 587">
     <span class='ocr_line' id='line_1_2' title="bbox 231 396 1417 504; baseline 0.002 -14"><span class='ocrx_word' id='word_1_5' title='bbox 231 396 416 490; x_wconf 76' lang='lat' dir='ltr'>obtinendas</span> <span class='ocrx_word' id='word_1_6' title='bbox 430 435 445 462; x_wconf 83' lang='lat'>²</span> <span class='ocrx_word' id='word_1_7' title='bbox 458 423 534 486; x_wconf 86' lang='lat' dir='ltr'>duas</span> <span class='ocrx_word' id='word_1_8' title='bbox 548 419 718 504; x_wconf 80' lang='lat' dir='ltr'>Hispanias</span> <span class='ocrx_word' id='word_1_9' title='bbox 729 419 865 482; x_wconf 81' lang='lat' dir='ltr'>mittere.</span> <span class='ocrx_word' id='word_1_10' title='bbox 883 417 931 480; x_wconf 77' lang='lat' dir='ltr'>Ee</span> <span class='ocrx_word' id='word_1_11' title='bbox 940 439 974 481; x_wconf 89' lang='lat' dir='ltr'>re</span> <span class='ocrx_word' id='word_1_12' title='bbox 986 416 1119 502; x_wconf 71' lang='lat' dir='ltr'>cogniti,</span> <span class='ocrx_word' id='word_1_13' title='bbox 1131 437 1242 486; x_wconf 84' lang='lat' dir='ltr'>rursus</span> <span class='ocrx_word' id='word_1_14' title='bbox 1253 421 1285 486; x_wconf 91' lang='lat' dir='ltr'>in</span> <span class='ocrx_word' id='word_1_15' title='bbox 1298 421 1417 492; x_wconf 82' lang='lat' dir='ltr'>Nonae</span> 
     </span>
     <span class='ocr_line' id='line_1_3' title="bbox 234 505 1426 587; baseline -0.002 -11"><span class='ocrx_word' id='word_1_16' title='bbox 234 505 1426 587; x_wconf 80' lang='lat' dir='ltr'>Februanoonsiliumcaedistranstulerunt·Jamtumnonconsulibusmodo,</span> 
     </span>
    </p>

    <p class='ocr_par' dir='ltr' id='par_1_3' title="bbox 181 593 1425 764">
     <span class='ocr_line' id='line_1_4' title="bbox 181 593 1425 680; baseline 0 -20"><span class='ocrx_word' id='word_1_17' title='bbox 181 629 184 635; x_wconf 95' lang='lat'>·</span> <span class='ocrx_word' id='word_1_18' title='bbox 230 598 288 660; x_wconf 84' lang='lat' dir='ltr'>sed</span> <span class='ocrx_word' id='word_1_19' title='bbox 299 600 453 680; x_wconf 83' lang='lat' dir='ltr'>plerisque</span> <span class='ocrx_word' id='word_1_20' title='bbox 462 594 665 669; x_wconf 88' lang='lat' dir='ltr'>senatoribus,</span> <span class='ocrx_word' id='word_1_21' title='bbox 674 593 842 675; x_wconf 85' lang='lat' dir='ltr'>perniciem</span> <span class='ocrx_word' id='word_1_22' title='bbox 851 593 1114 656; x_wconf 84' lang='lat' dir='ltr'>machinabantur.</span> <span class='ocrx_word' id='word_1_23' title='bbox 1126 593 1266 668; x_wconf 76' lang='lat' dir='ltr'>Quodni</span> <span class='ocrx_word' id='word_1_24' title='bbox 1277 595 1425 660; x_wconf 79' lang='lat' dir='ltr'>Catilina</span> 
     </span>
     <span class='ocr_line' id='line_1_5' title="bbox 230 677 1423 764; baseline 0.002 -20"><span class='ocrx_word' id='word_1_25' title='bbox 230 679 441 746; x_wconf 76' lang='lat' dir='ltr'>maturaissetb</span> <span class='ocrx_word' id='word_1_26' title='bbox 457 703 513 764; x_wconf 93' lang='lat' dir='ltr'>pro</span> <span class='ocrx_word' id='word_1_27' title='bbox 526 681 610 745; x_wconf 72' lang='lat' dir='ltr'>curii</span> <span class='ocrx_word' id='word_1_28' title='bbox 623 681 747 764; x_wconf 84' lang='lat' dir='ltr'>signum</span> <span class='ocrx_word' id='word_1_29' title='bbox 764 677 858 740; x_wconf 87' lang='lat' dir='ltr'>sociis</span> <span class='ocrx_word' id='word_1_30' title='bbox 871 679 945 750; x_wconf 83' lang='lat' dir='ltr'>dare</span> <span class='ocrx_word' id='word_1_31' title='bbox 957 702 966 751; x_wconf 90' lang='lat'>;</span> <span class='ocrx_word' id='word_1_32' title='bbox 982 700 1020 740; x_wconf 87' lang='lat' dir='ltr'>eo</span> <span class='ocrx_word' id='word_1_33' title='bbox 1031 679 1083 742; x_wconf 87' lang='lat' dir='ltr'>die</span> <span class='ocrx_word' id='word_1_34' title='bbox 1099 697 1171 761; x_wconf 88' lang='lat' dir='ltr'>post</span> <span class='ocrx_word' id='word_1_35' title='bbox 1184 681 1345 745; x_wconf 88' lang='lat' dir='ltr'>conditam</span> <span class='ocrx_word' id='word_1_36' title='bbox 1362 703 1423 748; x_wconf 90' lang='lat' dir='ltr'>ur·</span> 
     </span>
    </p>

    <p class='ocr_par' dir='ltr' id='par_1_4' title="bbox 156 759 1424 1978">
     <span class='ocr_line' id='line_1_6' title="bbox 156 759 1423 850; baseline 0.001 -18"><span class='ocrx_word' id='word_1_37' title='bbox 156 759 160 766; x_wconf 69' lang='grc'><strong>’</strong></span> <span class='ocrx_word' id='word_1_38' title='bbox 229 772 303 832; x_wconf 87' lang='lat' dir='ltr'>bern</span> <span class='ocrx_word' id='word_1_39' title='bbox 319 771 465 847; x_wconf 82' lang='lat' dir='ltr'>Romam,</span> <span class='ocrx_word' id='word_1_40' title='bbox 480 769 651 850; x_wconf 86' lang='lat' dir='ltr'>pessimum</span> <span class='ocrx_word' id='word_1_41' title='bbox 666 766 785 830; x_wconf 83' lang='lat' dir='ltr'>lacinus</span> <span class='ocrx_word' id='word_1_42' title='bbox 801 779 957 847; x_wconf 87' lang='lat' dir='ltr'>patratum</span> <span class='ocrx_word' id='word_1_43' title='bbox 973 763 1065 830; x_wconf 84' lang='lat' dir='ltr'>foret.</span> <span class='ocrx_word' id='word_1_44' title='bbox 1092 765 1178 846; x_wconf 71' lang='lat' dir='ltr'>Quia</span> <span class='ocrx_word' id='word_1_45' title='bbox 1193 769 1336 832; x_wconf 89' lang='lat' dir='ltr'>nondum</span> <span class='ocrx_word' id='word_1_46' title='bbox 1351 767 1423 833; x_wconf 78' lang='lat' dir='ltr'>fre·</span> 
     </span>
     <span class='ocr_line' id='line_1_7' title="bbox 229 851 1423 938; baseline 0.002 -20"><span class='ocrx_word' id='word_1_47' title='bbox 229 871 361 938; x_wconf 86' lang='lat' dir='ltr'>quentes</span> <span class='ocrx_word' id='word_1_48' title='bbox 376 857 486 918; x_wconf 88' lang='lat' dir='ltr'>armati</span> <span class='ocrx_word' id='word_1_49' title='bbox 503 869 720 930; x_wconf 87' lang='lat' dir='ltr'>convenerant,</span> <span class='ocrx_word' id='word_1_50' title='bbox 734 871 836 914; x_wconf 84' lang='lat' dir='ltr'>cares</span> <span class='ocrx_word' id='word_1_51' title='bbox 848 851 1017 916; x_wconf 49' lang='lat' dir='ltr'>¹consilium</span> <span class='ocrx_word' id='word_1_52' title='bbox 1033 853 1171 916; x_wconf 81' lang='lat' dir='ltr'><strong>diremit.</strong></span> <span class='ocrx_word' id='word_1_53' title='bbox 1196 855 1311 918; x_wconf 81' lang='lat' dir='ltr'><strong>Postea</strong></span> <span class='ocrx_word' id='word_1_54' title='bbox 1328 855 1423 934; x_wconf 89' lang='lat' dir='ltr'>Piso,-</span> 
     </span>
     <span class='ocr_line' id='line_1_8' title="bbox 227 939 1424 1026; baseline 0.002 -22"><span class='ocrx_word' id='word_1_55' title='bbox 227 941 263 1004; x_wconf 81' lang='lat' dir='ltr'>in</span> <span class='ocrx_word' id='word_1_56' title='bbox 278 942 454 1005; x_wconf 84' lang='lat' dir='ltr'>citeriorem</span> <span class='ocrx_word' id='word_1_57' title='bbox 468 939 655 1026; x_wconf 82' lang='lat' dir='ltr'>Hispaniam</span> <span class='ocrx_word' id='word_1_58' title='bbox 666 948 834 1022; x_wconf 82' lang='lat' dir='ltr'>quaestor,c</span> <span class='ocrx_word' id='word_1_59' title='bbox 847 958 904 1022; x_wconf 89' lang='lat' dir='ltr'>pro</span> <span class='ocrx_word' id='word_1_60' title='bbox 915 953 1045 1022; x_wconf 85' lang='lat' dir='ltr'>praetore</span> <span class='ocrx_word' id='word_1_61' title='bbox 1056 943 1171 1003; x_wconf 88' lang='lat' dir='ltr'>missus</span> <span class='ocrx_word' id='word_1_62' title='bbox 1185 956 1243 1020; x_wconf 88' lang='lat' dir='ltr'>est,</span> <span class='ocrx_word' id='word_1_63' title='bbox 1255 943 1424 1016; x_wconf 83' lang='lat' dir='ltr'>adnitente</span> 
     </span>
     <span class='ocr_line' id='line_1_9' title="bbox 231 1025 1421 1112; baseline 0.001 -21"><span class='ocrx_word' id='word_1_64' title='bbox 231 1029 365 1103; x_wconf 86' lang='lat' dir='ltr'>Crasso;</span> <span class='ocrx_word' id='word_1_65' title='bbox 380 1025 396 1068; x_wconf 71' lang='lat'>‘¹</span> <span class='ocrx_word' id='word_1_66' title='bbox 411 1027 500 1110; x_wconf 74' lang='lat' dir='ltr'>quiid</span> <span class='ocrx_word' id='word_1_67' title='bbox 516 1049 588 1092; x_wconf 88' lang='lat' dir='ltr'>eum</span> <span class='ocrx_word' id='word_1_68' title='bbox 606 1025 754 1092; x_wconf 81' lang='lat' dir='ltr'>infestum</span> <span class='ocrx_word' id='word_1_69' title='bbox 774 1025 833 1088; x_wconf 86' lang='lat' dir='ltr'>Cn.</span> <span class='ocrx_word' id='word_1_70' title='bbox 851 1025 1004 1107; x_wconf 88' lang='lat' dir='ltr'>Pompeio</span> <span class='ocrx_word' id='word_1_71' title='bbox 1020 1043 1219 1108; x_wconf 84' lang='lat' dir='ltr'>cognoverat.</span> <span class='ocrx_word' id='word_1_72' title='bbox 1252 1029 1351 1112; x_wconf 90' lang='lat' dir='ltr'>Nque</span> <span class='ocrx_word' id='word_1_73' title='bbox 1367 1045 1421 1094; x_wconf 92' lang='lat' dir='ltr'>ta·</span> 
     </span>
     <span class='ocr_line' id='line_1_10' title="bbox 227 1110 1422 1199; baseline 0.002 -22"><span class='ocrx_word' id='word_1_74' title='bbox 227 1137 302 1178; x_wconf 87' lang='lat' dir='ltr'>rnen</span> <span class='ocrx_word' id='word_1_75' title='bbox 317 1124 467 1178; x_wconf 66' lang='lat' dir='ltr'>senatus‘*</span> <span class='ocrx_word' id='word_1_76' title='bbox 483 1114 674 1199; x_wconf 84' lang='lat' dir='ltr'>provinciam</span> <span class='ocrx_word' id='word_1_77' title='bbox 686 1114 801 1177; x_wconf 88' lang='lat' dir='ltr'>invitus</span> <span class='ocrx_word' id='word_1_78' title='bbox 812 1113 954 1174; x_wconf 83' lang='lat' dir='ltr'>dederat.</span> <span class='ocrx_word' id='word_1_79' title='bbox 979 1111 1106 1197; x_wconf 81' lang='lat' dir='ltr'>Quippe</span> <span class='ocrx_word' id='word_1_80' title='bbox 1121 1110 1241 1178; x_wconf 82' lang='lat' dir='ltr'>foedum</span> <span class='ocrx_word' id='word_1_81' title='bbox 1251 1113 1422 1180; x_wconf 87' lang='lat' dir='ltr'>hominem</span> 
     </span>
     <span class='ocr_line' id='line_1_11' title="bbox 229 1198 1420 1286; baseline 0.003 -23"><span class='ocrx_word' id='word_1_82' title='bbox 229 1200 248 1262; x_wconf 82' lang='lat' dir='ltr'>ai</span> <span class='ocrx_word' id='word_1_83' title='bbox 264 1203 420 1285; x_wconf 62' lang='lat' dir='ltr'>republicis</span> <span class='ocrx_word' id='word_1_84' title='bbox 435 1203 543 1285; x_wconf 81' lang='lat' dir='ltr'>procul</span> <span class='ocrx_word' id='word_1_85' title='bbox 558 1205 665 1276; x_wconf 86' lang='lat' dir='ltr'>abesse</span> <span class='ocrx_word' id='word_1_86' title='bbox 681 1201 823 1262; x_wconf 87' lang='lat' dir='ltr'>volebat:</span> <span class='ocrx_word' id='word_1_87' title='bbox 838 1198 943 1275; x_wconf 89' lang='lat' dir='ltr'>simul,</span> <span class='ocrx_word' id='word_1_88' title='bbox 952 1201 1027 1280; x_wconf 88' lang='lat' dir='ltr'>quia</span> <span class='ocrx_word' id='word_1_89' title='bbox 1037 1201 1109 1262; x_wconf 91' lang='lat' dir='ltr'>boni</span> <span class='ocrx_word' id='word_1_90' title='bbox 1126 1200 1325 1285; x_wconf 79' lang='lat' dir='ltr'>compluresf</span> <span class='ocrx_word' id='word_1_91' title='bbox 1336 1223 1420 1286; x_wconf 73' lang='lat' dir='ltr'>prae·</span> 
     </span>
     <span class='ocr_line' id='line_1_12' title="bbox 228 1283 1420 1373; baseline 0.003 -21"><span class='ocrx_word' id='word_1_92' title='bbox 228 1289 347 1352; x_wconf 83' lang='lat' dir='ltr'>sidium</span> <span class='ocrx_word' id='word_1_93' title='bbox 364 1291 442 1352; x_wconf 88' lang='lat' dir='ltr'>ineo</span> <span class='ocrx_word' id='word_1_94' title='bbox 454 1291 611 1370; x_wconf 89' lang='lat' dir='ltr'>putabant,</span> <span class='ocrx_word' id='word_1_95' title='bbox 623 1303 654 1350; x_wconf 90' lang='lat' dir='ltr'>et</span> <span class='ocrx_word' id='word_1_96' title='bbox 665 1289 809 1373; x_wconf 89' lang='lat' dir='ltr'>jamtum</span> <span class='ocrx_word' id='word_1_97' title='bbox 823 1287 960 1370; x_wconf 87' lang='lat' dir='ltr'>potentia</span> <span class='ocrx_word' id='word_1_98' title='bbox 972 1283 1036 1350; x_wconf 89' lang='lat' dir='ltr'>Go.</span> <span class='ocrx_word' id='word_1_99' title='bbox 1052 1286 1196 1371; x_wconf 87' lang='lat' dir='ltr'>Pompeii</span> <span class='ocrx_word' id='word_1_100' title='bbox 1210 1289 1420 1356; x_wconf 87' lang='lat' dir='ltr'>formidolosa</span> 
     </span>
     <span class='ocr_line' id='line_1_13' title="bbox 229 1373 1420 1460; baseline 0.002 -21"><span class='ocrx_word' id='word_1_101' title='bbox 229 1392 306 1439; x_wconf 85' lang='lat' dir='ltr'>erat.</span> <span class='ocrx_word' id='word_1_102' title='bbox 323 1374 386 1438; x_wconf 85' lang='lat' dir='ltr'>sed</span> <span class='ocrx_word' id='word_1_103' title='bbox 402 1376 429 1438; x_wconf 91' lang='lat' dir='ltr'>is</span> <span class='ocrx_word' id='word_1_104' title='bbox 445 1375 530 1451; x_wconf 89' lang='lat' dir='ltr'>Piso,</span> <span class='ocrx_word' id='word_1_105' title='bbox 546 1378 577 1439; x_wconf 92' lang='lat' dir='ltr'>in</span> <span class='ocrx_word' id='word_1_106' title='bbox 593 1375 800 1458; x_wconf 84' lang='lat' dir='ltr'>provinciam,</span> <span class='ocrx_word' id='word_1_107' title='bbox 816 1377 853 1434; x_wconf 89' lang='lat' dir='ltr'>ab</span> <span class='ocrx_word' id='word_1_108' title='bbox 869 1373 1027 1454; x_wconf 88' lang='lat' dir='ltr'>equitibus</span> <span class='ocrx_word' id='word_1_109' title='bbox 1043 1375 1204 1457; x_wconf 85' lang='lat' dir='ltr'>Hispanis,</span> <span class='ocrx_word' id='word_1_110' title='bbox 1216 1397 1297 1460; x_wconf 89' lang='lat' dir='ltr'>quos</span> <span class='ocrx_word' id='word_1_111' title='bbox 1313 1375 1345 1440; x_wconf 83' lang='lat' dir='ltr'>in</span> <span class='ocrx_word' id='word_1_112' title='bbox 1360 1398 1420 1441; x_wconf 81' lang='lat' dir='ltr'>ex-</span> 
     </span>
     <span class='ocr_line' id='line_1_14' title="bbox 229 1458 1421 1546; baseline 0.002 -18"><span class='ocrx_word' id='word_1_113' title='bbox 229 1463 329 1535; x_wconf 78' lang='lat' dir='ltr'>ercitu</span> <span class='ocrx_word' id='word_1_114' title='bbox 342 1464 499 1537; x_wconf 86' lang='lat' dir='ltr'>ductabat,</span> <span class='ocrx_word' id='word_1_115' title='bbox 510 1464 570 1524; x_wconf 90' lang='lat' dir='ltr'>iter</span> <span class='ocrx_word' id='word_1_116' title='bbox 583 1463 711 1535; x_wconf 82' lang='lat' dir='ltr'>faciens,</span> <span class='ocrx_word' id='word_1_117' title='bbox 724 1459 847 1522; x_wconf 87' lang='lat' dir='ltr'>occisus</span> <span class='ocrx_word' id='word_1_118' title='bbox 860 1474 917 1520; x_wconf 87' lang='lat' dir='ltr'>est.</span> <span class='ocrx_word' id='word_1_119' title='bbox 940 1458 1020 1522; x_wconf 91' lang='lat' dir='ltr'>Sunt</span> <span class='ocrx_word' id='word_1_120' title='bbox 1031 1463 1086 1543; x_wconf 88' lang='lat' dir='ltr'>qui</span> <span class='ocrx_word' id='word_1_121' title='bbox 1100 1463 1145 1526; x_wconf 83' lang='lat' dir='ltr'>ita</span> <span class='ocrx_word' id='word_1_122' title='bbox 1158 1463 1274 1538; x_wconf 65' lang='lat' dir='ltr'>dicant,</span> <span class='ocrx_word' id='word_1_123' title='bbox 1283 1462 1421 1546; x_wconf 83' lang='lat' dir='ltr'>imperia</span> 
     </span>
     <span class='ocr_line' id='line_1_15' title="bbox 227 1544 1420 1634; baseline -0.002 -20"><span class='ocrx_word' id='word_1_124' title='bbox 227 1544 298 1634; x_wconf 80' lang='lat' dir='ltr'>ejus</span> <span class='ocrx_word' id='word_1_125' title='bbox 313 1549 439 1632; x_wconf 89' lang='lat' dir='ltr'>injusta,</span> <span class='ocrx_word' id='word_1_126' title='bbox 454 1549 597 1630; x_wconf 88' lang='lat' dir='ltr'>superba,</span> <span class='ocrx_word' id='word_1_127' title='bbox 612 1546 762 1622; x_wconf 86' lang='lat' dir='ltr'>crudelia,</span> <span class='ocrx_word' id='word_1_128' title='bbox 773 1546 920 1608; x_wconf 88' lang='lat' dir='ltr'>barbaros</span> <span class='ocrx_word' id='word_1_129' title='bbox 936 1548 1116 1632; x_wconf 83' lang='lat' dir='ltr'>nequivisse</span> <span class='ocrx_word' id='word_1_130' title='bbox 1132 1550 1215 1634; x_wconf 87' lang='lat' dir='ltr'>pati:</span> <span class='ocrx_word' id='word_1_131' title='bbox 1232 1549 1285 1612; x_wconf 89' lang='lat' dir='ltr'>alii</span> <span class='ocrx_word' id='word_1_132' title='bbox 1298 1561 1420 1630; x_wconf 86' lang='lat' dir='ltr'>autem,</span> 
     </span>
     <span class='ocr_line' id='line_1_16' title="bbox 227 1627 1421 1722; baseline 0.002 -22"><span class='ocrx_word' id='word_1_133' title='bbox 227 1637 354 1719; x_wconf 83' lang='lat' dir='ltr'>equites</span> <span class='ocrx_word' id='word_1_134' title='bbox 367 1634 436 1696; x_wconf 92' lang='lat' dir='ltr'>illos</span> <span class='ocrx_word' id='word_1_135' title='bbox 450 1635 509 1696; x_wconf 87' lang='lat' dir='ltr'>Cn.</span> <span class='ocrx_word' id='word_1_136' title='bbox 528 1635 672 1717; x_wconf 88' lang='lat' dir='ltr'>Pompeii</span> <span class='ocrx_word' id='word_1_137' title='bbox 688 1627 822 1708; x_wconf 80' lang='lat' dir='ltr'>veteres,</span> <span class='ocrx_word' id='word_1_138' title='bbox 831 1632 982 1714; x_wconf 48' lang='lat' dir='ltr'>¹fidosque</span> <span class='ocrx_word' id='word_1_139' title='bbox 995 1635 1134 1714; x_wconf 86' lang='lat' dir='ltr'>clientes,</span> <span class='ocrx_word' id='word_1_140' title='bbox 1145 1647 1160 1685; x_wconf 62' lang='grc' dir='ltr'>ὅ</span> <span class='ocrx_word' id='word_1_141' title='bbox 1173 1639 1330 1701; x_wconf 90' lang='lat' dir='ltr'>voluntate</span> <span class='ocrx_word' id='word_1_142' title='bbox 1343 1638 1421 1722; x_wconf 80' lang='lat' dir='ltr'>ejus</span> 
     </span>
     <span class='ocr_line' id='line_1_17' title="bbox 227 1717 1418 1803; baseline 0.003 -17"><span class='ocrx_word' id='word_1_143' title='bbox 227 1723 376 1786; x_wconf 88' lang='lat' dir='ltr'>Pisonem</span> <span class='ocrx_word' id='word_1_144' title='bbox 386 1741 566 1803; x_wconf 81' lang='lat' dir='ltr'>aggressos:</span> <span class='ocrx_word' id='word_1_145' title='bbox 584 1739 743 1802; x_wconf 86' lang='lat' dir='ltr'>nunquam</span> <span class='ocrx_word' id='word_1_146' title='bbox 758 1720 917 1802; x_wconf 80' lang='lat' dir='ltr'>Hispanos</span> <span class='ocrx_word' id='word_1_147' title='bbox 927 1717 943 1758; x_wconf 71' lang='lat'>¹¹</span> <span class='ocrx_word' id='word_1_148' title='bbox 955 1739 1102 1802; x_wconf 85' lang='lat' dir='ltr'>praeterea</span> <span class='ocrx_word' id='word_1_149' title='bbox 1113 1723 1174 1786; x_wconf 86' lang='lat' dir='ltr'>tale</span> <span class='ocrx_word' id='word_1_150' title='bbox 1188 1723 1309 1788; x_wconf 87' lang='lat' dir='ltr'>lacinus</span> <span class='ocrx_word' id='word_1_151' title='bbox 1321 1723 1418 1790; x_wconf 83' lang='lat' dir='ltr'>fecis·</span> 
     </span>
     <span class='ocr_line' id='line_1_18' title="bbox 227 1802 1418 1890; baseline 0.004 -18"><span class='ocrx_word' id='word_1_152' title='bbox 227 1829 273 1888; x_wconf 85' lang='lat' dir='ltr'>se,</span> <span class='ocrx_word' id='word_1_153' title='bbox 288 1807 344 1870; x_wconf 90' lang='lat' dir='ltr'>sed</span> <span class='ocrx_word' id='word_1_154' title='bbox 361 1808 491 1890; x_wconf 89' lang='lat' dir='ltr'>imperia</span> <span class='ocrx_word' id='word_1_155' title='bbox 507 1829 587 1870; x_wconf 85' lang='lat' dir='ltr'>saeva</span> <span class='ocrx_word' id='word_1_156' title='bbox 603 1809 701 1871; x_wconf 90' lang='lat' dir='ltr'>multa</span> <span class='ocrx_word' id='word_1_157' title='bbox 717 1802 806 1869; x_wconf 77' lang='lat' dir='ltr'>anteri</span> <span class='ocrx_word' id='word_1_158' title='bbox 818 1825 991 1889; x_wconf 88' lang='lat' dir='ltr'>perpessus.</span> <span class='ocrx_word' id='word_1_159' title='bbox 1026 1807 1099 1872; x_wconf 85' lang='lat' dir='ltr'>Nos</span> <span class='ocrx_word' id='word_1_160' title='bbox 1109 1829 1179 1874; x_wconf 88' lang='lat' dir='ltr'>eam</span> <span class='ocrx_word' id='word_1_161' title='bbox 1194 1807 1282 1874; x_wconf 81' lang='lat' dir='ltr'>retni</span> <span class='ocrx_word' id='word_1_162' title='bbox 1299 1811 1418 1878; x_wconf 83' lang='lat' dir='ltr'>inme·</span> 
     </span>
     <span class='ocr_line' id='line_1_19' title="bbox 228 1891 1229 1978; baseline 0.003 -21"><span class='ocrx_word' id='word_1_163' title='bbox 228 1895 283 1958; x_wconf 91' lang='lat' dir='ltr'>dio</span> <span class='ocrx_word' id='word_1_164' title='bbox 299 1895 514 1976; x_wconf 86' lang='lat' dir='ltr'>relinquimus.</span> <span class='ocrx_word' id='word_1_165' title='bbox 539 1893 591 1956; x_wconf 87' lang='lat' dir='ltr'>De</span> <span class='ocrx_word' id='word_1_166' title='bbox 607 1893 761 1978; x_wconf 84' lang='lat' dir='ltr'>superiori</span> <span class='ocrx_word' id='word_1_167' title='bbox 778 1891 991 1975; x_wconf 87' lang='lat' dir='ltr'>conjuratione</span> <span class='ocrx_word' id='word_1_168' title='bbox 1007 1897 1083 1957; x_wconf 83' lang='lat' dir='ltr'>satis</span> <span class='ocrx_word' id='word_1_169' title='bbox 1097 1895 1229 1964; x_wconf 87' lang='lat' dir='ltr'>dietum.</span> 
     </span>
    </p>

    <p class='ocr_par' dir='ltr' id='par_1_5' title="bbox 224 1975 1416 2388">
     <span class='ocr_line' id='line_1_20' title="bbox 268 1975 1416 2065; baseline 0.005 -21"><span class='ocrx_word' id='word_1_170' title='bbox 268 1981 286 2023; x_wconf 48' lang='grc' dir='ltr'><strong><em>Β</em></strong></span> <span class='ocrx_word' id='word_1_171' title='bbox 303 1979 448 2056; x_wconf 86' lang='lat' dir='ltr'>Catilina,</span> <span class='ocrx_word' id='word_1_172' title='bbox 462 1981 515 2042; x_wconf 91' lang='lat' dir='ltr'>ubi</span> <span class='ocrx_word' id='word_1_173' title='bbox 533 2003 599 2057; x_wconf 90' lang='lat' dir='ltr'>eos,</span> <span class='ocrx_word' id='word_1_174' title='bbox 616 2000 695 2062; x_wconf 91' lang='lat' dir='ltr'>quos</span> <span class='ocrx_word' id='word_1_175' title='bbox 712 1977 805 2062; x_wconf 78' lang='lat' dir='ltr'>paulo</span> <span class='ocrx_word' id='word_1_176' title='bbox 817 1975 892 2065; x_wconf 66' lang='lat' dir='ltr'>ante</span> <span class='ocrx_word' id='word_1_177' title='bbox 902 1983 1089 2058; x_wconf 84' lang='lat' dir='ltr'>memoravi,</span> <span class='ocrx_word' id='word_1_178' title='bbox 1104 1986 1288 2048; x_wconf 85' lang='lat' dir='ltr'>convenisse</span> <span class='ocrx_word' id='word_1_179' title='bbox 1302 1985 1391 2050; x_wconf 88' lang='lat' dir='ltr'>videt</span> <span class='ocrx_word' id='word_1_180' title='bbox 1404 2013 1416 2062; x_wconf 86' lang='lat'>;</span> 
     </span>
     <span class='ocr_line' id='line_1_21' title="bbox 226 2062 1415 2152; baseline 0.004 -22"><span class='ocrx_word' id='word_1_181' title='bbox 226 2067 349 2130; x_wconf 85' lang='lat' dir='ltr'>tametsi</span> <span class='ocrx_word' id='word_1_182' title='bbox 366 2086 437 2128; x_wconf 88' lang='lat' dir='ltr'>curn</span> <span class='ocrx_word' id='word_1_183' title='bbox 451 2062 585 2152; x_wconf 85' lang='lat' dir='ltr'>singulis</span> <span class='ocrx_word' id='word_1_184' title='bbox 600 2066 699 2129; x_wconf 89' lang='lat' dir='ltr'>multa</span> <span class='ocrx_word' id='word_1_185' title='bbox 709 2086 790 2146; x_wconf 86' lang='lat' dir='ltr'>saepe</span> <span class='ocrx_word' id='word_1_186' title='bbox 802 2080 921 2145; x_wconf 81' lang='lat' dir='ltr'>egerat,</span> <span class='ocrx_word' id='word_1_187' title='bbox 934 2081 1038 2129; x_wconf 85' lang='lat' dir='ltr'>tamen</span> <span class='ocrx_word' id='word_1_188' title='bbox 1051 2071 1060 2104; x_wconf 91' lang='lat'>¹</span> <span class='ocrx_word' id='word_1_189' title='bbox 1075 2070 1107 2132; x_wconf 94' lang='lat' dir='ltr'>in</span> <span class='ocrx_word' id='word_1_190' title='bbox 1118 2088 1185 2131; x_wconf 89' lang='lat' dir='ltr'>rem</span> <span class='ocrx_word' id='word_1_191' title='bbox 1198 2068 1267 2136; x_wconf 85' lang='lat' dir='ltr'>fore</span> <span class='ocrx_word' id='word_1_192' title='bbox 1280 2074 1415 2136; x_wconf 88' lang='lat' dir='ltr'>credens</span> 
     </span>
     <span class='ocr_line' id='line_1_22' title="bbox 226 2150 1413 2236; baseline 0.007 -22"><span class='ocrx_word' id='word_1_193' title='bbox 226 2153 388 2215; x_wconf 83' lang='lat' dir='ltr'>universos</span> <span class='ocrx_word' id='word_1_194' title='bbox 401 2153 566 2236; x_wconf 87' lang='lat' dir='ltr'>appellare,</span> <span class='ocrx_word' id='word_1_195' title='bbox 577 2168 609 2220; x_wconf 90' lang='lat' dir='ltr'>et</span> <span class='ocrx_word' id='word_1_196' title='bbox 621 2150 790 2227; x_wconf 87' lang='lat' dir='ltr'>cohortari,</span> <span class='ocrx_word' id='word_1_197' title='bbox 803 2151 835 2212; x_wconf 90' lang='lat' dir='ltr'>in</span> <span class='ocrx_word' id='word_1_198' title='bbox 847 2151 984 2213; x_wconf 89' lang='lat' dir='ltr'>abditam</span> <span class='ocrx_word' id='word_1_199' title='bbox 998 2168 1116 2235; x_wconf 85' lang='lat' dir='ltr'>partem</span> <span class='ocrx_word' id='word_1_200' title='bbox 1131 2159 1245 2222; x_wconf 84' lang='lat' dir='ltr'>aedium</span> <span class='ocrx_word' id='word_1_201' title='bbox 1260 2161 1389 2222; x_wconf 88' lang='lat' dir='ltr'>secessit</span> <span class='ocrx_word' id='word_1_202' title='bbox 1401 2185 1413 2234; x_wconf 82' lang='lat'>3</span> 
     </span>
     <span class='ocr_line' id='line_1_23' title="bbox 225 2236 1413 2328; baseline 0.008 -28"><span class='ocrx_word' id='word_1_203' title='bbox 225 2253 319 2320; x_wconf 87' lang='lat' dir='ltr'>atque</span> <span class='ocrx_word' id='word_1_204' title='bbox 326 2239 380 2317; x_wconf 90' lang='lat' dir='ltr'>ibi,</span> <span class='ocrx_word' id='word_1_205' title='bbox 390 2239 535 2302; x_wconf 89' lang='lat' dir='ltr'>omnibus</span> <span class='ocrx_word' id='word_1_206' title='bbox 544 2237 668 2302; x_wconf 87' lang='lat' dir='ltr'>arbitris</span> <span class='ocrx_word' id='word_1_207' title='bbox 678 2237 787 2322; x_wconf 84' lang='lat' dir='ltr'>procul</span> <span class='ocrx_word' id='word_1_208' title='bbox 797 2236 921 2317; x_wconf 85' lang='lat' dir='ltr'>amotis,</span> <span class='ocrx_word' id='word_1_209' title='bbox 932 2240 1105 2304; x_wconf 87' lang='lat' dir='ltr'>orationem</span> <span class='ocrx_word' id='word_1_210' title='bbox 1115 2242 1343 2328; x_wconf 87' lang='lat' dir='ltr'>hujuscemodi</span> <span class='ocrx_word' id='word_1_211' title='bbox 1354 2247 1413 2310; x_wconf 83' lang='lat' dir='ltr'>ha·</span> 
     </span>
     <span class='ocr_line' id='line_1_24' title="bbox 224 2323 1271 2388; baseline 0.002 -4"><span class='ocrx_word' id='word_1_212' title='bbox 224 2323 314 2388; x_wconf 89' lang='lat' dir='ltr'>buit:</span> <span class='ocrx_word' id='word_1_213' title='bbox 637 2351 638 2354; x_wconf 43' lang='lat'>¹</span> <span class='ocrx_word' id='word_1_214' title='bbox 1167 2362 1169 2368; x_wconf 68' lang='lat'>,</span> <span class='ocrx_word' id='word_1_215' title='bbox 1237 2366 1239 2374; x_wconf 50' lang='grc' dir='ltr'><strong><em>ι</em></strong></span> <span class='ocrx_word' id='word_1_216' title='bbox 1267 2346 1271 2358; x_wconf 90' lang='grc'><strong><em>·</em></strong></span> 
     </span>
    </p>

    <p class='ocr_par' dir='ltr' id='par_1_6' title="bbox 267 2408 1414 2502">
     <span class='ocr_line' id='line_1_25' title="bbox 267 2408 1414 2502; baseline 0.007 -26"><span class='ocrx_word' id='word_1_217' title='bbox 267 2413 288 2448; x_wconf 88' lang='grc'>“</span> <span class='ocrx_word' id='word_1_218' title='bbox 307 2409 477 2491; x_wconf 81' lang='lat' dir='ltr'>Nivirtus,</span> <span class='ocrx_word' id='word_1_219' title='bbox 488 2409 631 2493; x_wconf 88' lang='lat' dir='ltr'>fidesque</span> <span class='ocrx_word' id='word_1_220' title='bbox 642 2423 748 2474; x_wconf 83' lang='lat' dir='ltr'>vestra</span> <span class='ocrx_word' id='word_1_221' title='bbox 758 2408 833 2472; x_wconf 88' lang='lat' dir='ltr'>satis</span> <span class='ocrx_word' id='word_1_222' title='bbox 845 2421 983 2493; x_wconf 87' lang='lat' dir='ltr'>spectata</span> <span class='ocrx_word' id='word_1_223' title='bbox 998 2411 1077 2478; x_wconf 88' lang='lat' dir='ltr'>mihi</span> <span class='ocrx_word' id='word_1_224' title='bbox 1090 2412 1183 2497; x_wconf 83' lang='lat' dir='ltr'>foret,</span> <span class='ocrx_word' id='word_1_225' title='bbox 1198 2419 1414 2502; x_wconf 87' lang='lat' dir='ltr'>nequicquam</span> 
     </span>
    </p>
   </div>
   <div class='ocr_carea' id='block_1_3' title="bbox 663 2618 1042 2676">
    <p class='ocr_par' dir='ltr' id='par_1_7' title="bbox 663 2618 1042 2676">
     <span class='ocr_line' id='line_1_26' title="bbox 663 2618 1042 2676; baseline 0.005 -2"><span class='ocrx_word' id='word_1_226' title='bbox 663 2625 965 2676; x_wconf 75' lang='lat' dir='ltr'>ruruaeaarnrro.</span> <span class='ocrx_word' id='word_1_227' title='bbox 1041 2618 1042 2626; x_wconf 76' lang='grc'>’</span> 
     </span>
    </p>
   </div>
   <div class='ocr_carea' id='block_1_4' title="bbox 358 2802 1261 3064">
    <p class='ocr_par' dir='ltr' id='par_1_8' title="bbox 358 2802 1261 3064">
     <span class='ocr_line' id='line_1_27' title="bbox 358 2802 1261 2912; baseline 0.009 -29"><span class='ocrx_word' id='word_1_228' title='bbox 358 2823 381 2898; x_wconf 57' lang='grc' dir='ltr'><strong>ξ</strong></span> <span class='ocrx_word' id='word_1_229' title='bbox 398 2820 474 2884; x_wconf 82' lang='lat' dir='ltr'>Cum</span> <span class='ocrx_word' id='word_1_230' title='bbox 485 2822 619 2884; x_wconf 84' lang='lat' dir='ltr'>crederet</span> <span class='ocrx_word' id='word_1_231' title='bbox 634 2821 677 2883; x_wconf 86' lang='lat' dir='ltr'>nd</span> <span class='ocrx_word' id='word_1_232' title='bbox 686 2821 910 2907; x_wconf 79' lang='lat' dir='ltr'>conjurationis</span> <span class='ocrx_word' id='word_1_233' title='bbox 924 2802 1089 2908; x_wconf 74' lang='lat' dir='ltr'>utilitatem</span> <span class='ocrx_word' id='word_1_234' title='bbox 1093 2827 1261 2912; x_wconf 76' lang='lat' dir='ltr'>pertinere.</span> 
     </span>
     <span class='ocr_line' id='line_1_28' title="bbox 754 2993 869 3064; baseline -0.017 -4"><span class='ocrx_word' id='word_1_235' title='bbox 754 2993 869 3064; x_wconf 74' lang='lat' dir='ltr'>ronna.</span> 
     </span>
    </p>
   </div>
   <div class='ocr_carea' id='block_1_5' title="bbox 39 3169 1502 4325">
    <p class='ocr_par' dir='ltr' id='par_1_9' title="bbox 39 3169 1502 4325">
     <span class='ocr_line' id='line_1_29' title="bbox 255 3169 1409 3259; baseline 0.015 -29"><span class='ocrx_word' id='word_1_236' title='bbox 255 3175 652 3241; x_wconf 80' lang='lat' dir='ltr'>aDnos.]Ulterioremseilicet</span> <span class='ocrx_word' id='word_1_237' title='bbox 661 3181 689 3227; x_wconf 86' lang='lat' dir='ltr'>et</span> <span class='ocrx_word' id='word_1_238' title='bbox 699 3178 803 3232; x_wconf 80' lang='lat' dir='ltr'>citerio-</span> <span class='ocrx_word' id='word_1_239' title='bbox 824 3181 976 3246; x_wconf 88' lang='lat' dir='ltr'>plerumque</span> <span class='ocrx_word' id='word_1_240' title='bbox 984 3183 1182 3252; x_wconf 80' lang='lat' dir='ltr'>magistratibus</span> <span class='ocrx_word' id='word_1_241' title='bbox 1188 3189 1243 3240; x_wconf 88' lang='lat' dir='ltr'>suis</span> <span class='ocrx_word' id='word_1_242' title='bbox 1250 3169 1409 3259; x_wconf 80' lang='lat' dir='ltr'>subjiciebat</span> 
     </span>
     <span class='ocr_line' id='line_1_30' title="bbox 39 3240 1407 3324; baseline 0.017 -36"><span class='ocrx_word' id='word_1_243' title='bbox 39 3297 41 3306; x_wconf 71' lang='lat'>‚</span> <span class='ocrx_word' id='word_1_244' title='bbox 220 3261 292 3306; x_wconf 73' lang='lat' dir='ltr'>rem3</span> <span class='ocrx_word' id='word_1_245' title='bbox 302 3245 381 3312; x_wconf 88' lang='lat' dir='ltr'>idque</span> <span class='ocrx_word' id='word_1_246' title='bbox 390 3240 450 3294; x_wconf 78' lang='lat' dir='ltr'>edm</span> <span class='ocrx_word' id='word_1_247' title='bbox 457 3259 505 3310; x_wconf 85' lang='lat' dir='ltr'>per</span> <span class='ocrx_word' id='word_1_248' title='bbox 513 3244 574 3304; x_wconf 87' lang='lat' dir='ltr'>vim,</span> <span class='ocrx_word' id='word_1_249' title='bbox 584 3253 640 3294; x_wconf 87' lang='lat' dir='ltr'>tum</span> <span class='ocrx_word' id='word_1_250' title='bbox 649 3250 742 3296; x_wconf 82' lang='lat' dir='ltr'>contra</span> <span class='ocrx_word' id='word_1_251' title='bbox 750 3261 802 3296; x_wconf 89' lang='lat' dir='ltr'>rno-</span> <span class='ocrx_word' id='word_1_252' title='bbox 858 3248 873 3298; x_wconf 87' lang='lat' dir='ltr'>f</span> <span class='ocrx_word' id='word_1_253' title='bbox 882 3251 1053 3316; x_wconf 73' lang='lat' dir='ltr'>Presidium]</span> <span class='ocrx_word' id='word_1_254' title='bbox 1072 3255 1205 3306; x_wconf 66' lang='lat' dir='ltr'>Auxilium</span> <span class='ocrx_word' id='word_1_255' title='bbox 1216 3261 1352 3324; x_wconf 72' lang='lat' dir='ltr'>reipublice</span> <span class='ocrx_word' id='word_1_256' title='bbox 1363 3261 1407 3315; x_wconf 72' lang='lat' dir='ltr'>ad·</span> 
     </span>
     <span class='ocr_line' id='line_1_31' title="bbox 136 3309 1276 3385; baseline 0.016 -26"><span class='ocrx_word' id='word_1_257' title='bbox 136 3354 138 3359; x_wconf 93' lang='lat'><em>.</em></span> <span class='ocrx_word' id='word_1_258' title='bbox 220 3328 292 3365; x_wconf 74' lang='lat' dir='ltr'>rem:</span> <span class='ocrx_word' id='word_1_259' title='bbox 303 3325 362 3360; x_wconf 87' lang='lat' dir='ltr'>narn</span> <span class='ocrx_word' id='word_1_260' title='bbox 373 3309 732 3376; x_wconf 81' lang='lat' dir='ltr'>Hispaniaeprovineiaeerant</span> <span class='ocrx_word' id='word_1_261' title='bbox 741 3326 803 3377; x_wconf 84' lang='lat' dir='ltr'>prae·</span> <span class='ocrx_word' id='word_1_262' title='bbox 818 3333 911 3368; x_wconf 65' lang='lat' dir='ltr'>,uersus</span> <span class='ocrx_word' id='word_1_263' title='bbox 924 3319 1073 3385; x_wconf 81' lang='lat' dir='ltr'>Pompeium,</span> <span class='ocrx_word' id='word_1_264' title='bbox 1083 3324 1126 3372; x_wconf 83' lang='lat' dir='ltr'>iiie</span> <span class='ocrx_word' id='word_1_265' title='bbox 1135 3327 1276 3376; x_wconf 68' lang='lat' dir='ltr'>resistendo.</span> 
     </span>
     <span class='ocr_line' id='line_1_32' title="bbox 219 3373 1294 3454; baseline 0.013 -24"><span class='ocrx_word' id='word_1_266' title='bbox 219 3379 303 3440; x_wconf 79' lang='lat' dir='ltr'>toriae,</span> <span class='ocrx_word' id='word_1_267' title='bbox 311 3379 373 3430; x_wconf 86' lang='lat' dir='ltr'>Piso</span> <span class='ocrx_word' id='word_1_268' title='bbox 380 3385 504 3444; x_wconf 85' lang='lat' dir='ltr'>quaestor,</span> <span class='ocrx_word' id='word_1_269' title='bbox 513 3373 614 3426; x_wconf 85' lang='lat' dir='ltr'>tantdm</span> <span class='ocrx_word' id='word_1_270' title='bbox 624 3379 802 3434; x_wconf 71' lang='lat' dir='ltr'>srat3deinde</span> <span class='ocrx_word' id='word_1_271' title='bbox 858 3385 1047 3450; x_wconf 63' lang='lat' dir='ltr'>phumata]</span> <span class='ocrx_word' id='word_1_272' title='bbox 1066 3389 1294 3454; x_wconf 66' lang='lat' dir='ltr'>Pompeianarum</span> 
     </span>
     <span class='ocr_line' id='line_1_33' title="bbox 186 3443 1407 3516; baseline 0.016 -18"><span class='ocrx_word' id='word_1_273' title='bbox 186 3493 189 3498; x_wconf 88' lang='lat'><em>.</em></span> <span class='ocrx_word' id='word_1_274' title='bbox 220 3447 357 3506; x_wconf 78' lang='lat' dir='ltr'>alterutra,</span> <span class='ocrx_word' id='word_1_275' title='bbox 370 3461 419 3495; x_wconf 91' lang='lat' dir='ltr'>non</span> <span class='ocrx_word' id='word_1_276' title='bbox 432 3445 568 3494; x_wconf 82' lang='lat' dir='ltr'>ambaeuni</span> <span class='ocrx_word' id='word_1_277' title='bbox 581 3443 788 3509; x_wconf 77' lang='lat' dir='ltr'>assignabantur.</span> <span class='ocrx_word' id='word_1_278' title='bbox 857 3450 1037 3516; x_wconf 73' lang='lat' dir='ltr'>hPraereren]</span> <span class='ocrx_word' id='word_1_279' title='bbox 1065 3457 1176 3508; x_wconf 89' lang='lat' dir='ltr'>Omnino</span> <span class='ocrx_word' id='word_1_280' title='bbox 1191 3458 1407 3516; x_wconf 76' lang='lat' dir='ltr'>hunclooumits</span> 
     </span>
     <span class='ocr_line' id='line_1_34' title="bbox 223 3506 1404 3588; baseline 0.016 -25"><span class='ocrx_word' id='word_1_281' title='bbox 223 3506 236 3534; x_wconf 58' lang='lat'>⁸*</span> <span class='ocrx_word' id='word_1_282' title='bbox 252 3515 269 3563; x_wconf 90' lang='lat' dir='ltr'>b</span> <span class='ocrx_word' id='word_1_283' title='bbox 282 3517 335 3564; x_wconf 86' lang='lat' dir='ltr'>Pro</span> <span class='ocrx_word' id='word_1_284' title='bbox 348 3513 440 3576; x_wconf 69' lang='lat' dir='ltr'>sarid]</span> <span class='ocrx_word' id='word_1_285' title='bbox 450 3511 542 3573; x_wconf 83' lang='lat' dir='ltr'>idest,</span> <span class='ocrx_word' id='word_1_286' title='bbox 555 3515 621 3562; x_wconf 69' lang='lat' dir='ltr'>Ante</span> <span class='ocrx_word' id='word_1_287' title='bbox 630 3515 706 3563; x_wconf 83' lang='lat' dir='ltr'>iseum</span> <span class='ocrx_word' id='word_1_288' title='bbox 716 3517 759 3564; x_wconf 80' lang='lat' dir='ltr'>ubi</span> <span class='ocrx_word' id='word_1_289' title='bbox 767 3531 802 3565; x_wconf 84' lang='lat' dir='ltr'>se·</span> <span class='ocrx_word' id='word_1_290' title='bbox 823 3515 936 3568; x_wconf 86' lang='lat' dir='ltr'>arbitror</span> <span class='ocrx_word' id='word_1_291' title='bbox 947 3519 1160 3588; x_wconf 76' lang='lat' dir='ltr'>intelligendum,</span> <span class='ocrx_word' id='word_1_292' title='bbox 1173 3535 1202 3575; x_wconf 90' lang='lat' dir='ltr'>ut</span> <span class='ocrx_word' id='word_1_293' title='bbox 1213 3543 1264 3577; x_wconf 90' lang='lat' dir='ltr'>non</span> <span class='ocrx_word' id='word_1_294' title='bbox 1275 3531 1311 3580; x_wconf 86' lang='lat' dir='ltr'>sit</span> <span class='ocrx_word' id='word_1_295' title='bbox 1321 3543 1404 3582; x_wconf 83' lang='lat' dir='ltr'>exou-</span> 
     </span>
     <span class='ocr_line' id='line_1_35' title="bbox 159 3578 1405 3664; baseline 0.018 -37"><span class='ocrx_word' id='word_1_296' title='bbox 159 3578 161 3586; x_wconf 92' lang='lat'>&#39;</span> <span class='ocrx_word' id='word_1_297' title='bbox 219 3590 295 3629; x_wconf 75' lang='lat' dir='ltr'>nanas</span> <span class='ocrx_word' id='word_1_298' title='bbox 306 3593 472 3646; x_wconf 75' lang='lat' dir='ltr'>congregatas</span> <span class='ocrx_word' id='word_1_299' title='bbox 482 3591 555 3636; x_wconf 82' lang='lat' dir='ltr'>erot,·</span> <span class='ocrx_word' id='word_1_300' title='bbox 568 3594 618 3630; x_wconf 92' lang='lat' dir='ltr'>non</span> <span class='ocrx_word' id='word_1_301' title='bbox 631 3580 699 3629; x_wconf 88' lang='lat' dir='ltr'>enim</span> <span class='ocrx_word' id='word_1_302' title='bbox 712 3593 764 3632; x_wconf 84' lang='lat' dir='ltr'>uno</span> <span class='ocrx_word' id='word_1_303' title='bbox 775 3592 802 3632; x_wconf 88' lang='lat' dir='ltr'>et</span> <span class='ocrx_word' id='word_1_304' title='bbox 823 3583 899 3645; x_wconf 84' lang='lat' dir='ltr'>satio,</span> <span class='ocrx_word' id='word_1_305' title='bbox 912 3587 1036 3651; x_wconf 86' lang='lat' dir='ltr'>quodalii</span> <span class='ocrx_word' id='word_1_306' title='bbox 1044 3589 1145 3650; x_wconf 82' lang='lat' dir='ltr'>volunt,</span> <span class='ocrx_word' id='word_1_307' title='bbox 1154 3591 1202 3642; x_wconf 87' lang='lat' dir='ltr'>sed</span> <span class='ocrx_word' id='word_1_308' title='bbox 1212 3592 1278 3646; x_wconf 81' lang='lat' dir='ltr'>faeti</span> <span class='ocrx_word' id='word_1_309' title='bbox 1287 3599 1405 3664; x_wconf 81' lang='lat' dir='ltr'>negatio.</span> 
     </span>
     <span class='ocr_line' id='line_1_36' title="bbox 219 3645 1404 3727; baseline 0.017 -32"><span class='ocrx_word' id='word_1_310' title='bbox 219 3645 314 3696; x_wconf 90' lang='lat' dir='ltr'>eodem</span> <span class='ocrx_word' id='word_1_311' title='bbox 328 3647 386 3698; x_wconf 91' lang='lat' dir='ltr'>loco</span> <span class='ocrx_word' id='word_1_312' title='bbox 400 3661 506 3712; x_wconf 88' lang='lat' dir='ltr'>semper</span> <span class='ocrx_word' id='word_1_313' title='bbox 517 3647 670 3697; x_wconf 89' lang='lat' dir='ltr'>habebatur.</span> <span class='ocrx_word' id='word_1_314' title='bbox 760 3670 764 3678; x_wconf 33' lang='lat' dir='ltr'>i</span> <span class='ocrx_word' id='word_1_315' title='bbox 822 3653 905 3706; x_wconf 85' lang='lat' dir='ltr'>Quasi</span> <span class='ocrx_word' id='word_1_316' title='bbox 927 3652 1008 3704; x_wconf 85' lang='lat' dir='ltr'>dicat.</span> <span class='ocrx_word' id='word_1_317' title='bbox 1048 3657 1152 3714; x_wconf 80' lang='lat' dir='ltr'>Quidum</span> <span class='ocrx_word' id='word_1_318' title='bbox 1170 3661 1264 3726; x_wconf 57' lang='lat' dir='ltr'>mmet,</span> <span class='ocrx_word' id='word_1_319' title='bbox 1282 3665 1404 3727; x_wconf 79' lang='lat' dir='ltr'>Hispanos</span> 
     </span>
     <span class='ocr_line' id='line_1_37' title="bbox 253 3713 1404 3786; baseline 0.016 -26"><span class='ocrx_word' id='word_1_320' title='bbox 253 3715 330 3762; x_wconf 89' lang='lat' dir='ltr'>cPro</span> <span class='ocrx_word' id='word_1_321' title='bbox 339 3715 469 3777; x_wconf 69' lang='lat' dir='ltr'>Praetnre]</span> <span class='ocrx_word' id='word_1_322' title='bbox 479 3713 511 3764; x_wconf 86' lang='lat' dir='ltr'>ld</span> <span class='ocrx_word' id='word_1_323' title='bbox 520 3721 574 3782; x_wconf 67' lang='lat' dir='ltr'>est,</span> <span class='ocrx_word' id='word_1_324' title='bbox 587 3715 703 3774; x_wconf 67' lang='lat' dir='ltr'>Quorsum</span> <span class='ocrx_word' id='word_1_325' title='bbox 710 3721 802 3777; x_wconf 81' lang='lat' dir='ltr'>praetor</span> <span class='ocrx_word' id='word_1_326' title='bbox 823 3718 975 3784; x_wconf 76' lang='lat' dir='ltr'>interfecisse</span> <span class='ocrx_word' id='word_1_327' title='bbox 987 3723 1110 3786; x_wconf 79' lang='lat' dir='ltr'>Pisonem,</span> <span class='ocrx_word' id='word_1_328' title='bbox 1130 3737 1156 3776; x_wconf 86' lang='lat' dir='ltr'>et</span> <span class='ocrx_word' id='word_1_329' title='bbox 1167 3730 1234 3780; x_wconf 84' lang='lat' dir='ltr'>inter</span> <span class='ocrx_word' id='word_1_330' title='bbox 1244 3743 1283 3780; x_wconf 80' lang='lat' dir='ltr'>ess</span> <span class='ocrx_word' id='word_1_331' title='bbox 1295 3735 1404 3782; x_wconf 68' lang='lat' dir='ltr'>marsalla·</span> 
     </span>
     <span class='ocr_line' id='line_1_38' title="bbox 218 3783 1403 3859; baseline 0.016 -31"><span class='ocrx_word' id='word_1_332' title='bbox 218 3794 266 3828; x_wconf 80' lang='lat' dir='ltr'>non</span> <span class='ocrx_word' id='word_1_333' title='bbox 286 3789 357 3838; x_wconf 86' lang='lat' dir='ltr'>esset,</span> <span class='ocrx_word' id='word_1_334' title='bbox 372 3785 458 3830; x_wconf 83' lang='lat' dir='ltr'>missus</span> <span class='ocrx_word' id='word_1_335' title='bbox 469 3788 597 3832; x_wconf 76' lang='lat' dir='ltr'>esttamen</span> <span class='ocrx_word' id='word_1_336' title='bbox 607 3783 634 3829; x_wconf 80' lang='lat' dir='ltr'>in</span> <span class='ocrx_word' id='word_1_337' title='bbox 649 3785 801 3844; x_wconf 77' lang='lat' dir='ltr'>prouinciam</span> <span class='ocrx_word' id='word_1_338' title='bbox 823 3790 876 3848; x_wconf 82' lang='lat' dir='ltr'>ejus</span> <span class='ocrx_word' id='word_1_339' title='bbox 896 3789 1063 3840; x_wconf 68' lang='lat' dir='ltr'>masticatum</span> <span class='ocrx_word' id='word_1_340' title='bbox 1076 3803 1176 3843; x_wconf 77' lang='lat' dir='ltr'>causam</span> <span class='ocrx_word' id='word_1_341' title='bbox 1193 3799 1275 3846; x_wconf 60' lang='lat' dir='ltr'>mrim</span> <span class='ocrx_word' id='word_1_342' title='bbox 1288 3796 1403 3859; x_wconf 76' lang='lat' dir='ltr'>socium,</span> 
     </span>
     <span class='ocr_line' id='line_1_39' title="bbox 213 3849 1403 3928; baseline 0.018 -33"><span class='ocrx_word' id='word_1_343' title='bbox 213 3849 364 3912; x_wconf 70' lang='lat' dir='ltr'>pretorium,</span> <span class='ocrx_word' id='word_1_344' title='bbox 377 3863 429 3894; x_wconf 83' lang='lat' dir='ltr'>curn</span> <span class='ocrx_word' id='word_1_345' title='bbox 435 3853 551 3910; x_wconf 75' lang='lat' dir='ltr'>preteriri</span> <span class='ocrx_word' id='word_1_346' title='bbox 580 3857 690 3898; x_wconf 76' lang='lat' dir='ltr'>arestone.</span> <span class='ocrx_word' id='word_1_347' title='bbox 824 3855 867 3902; x_wconf 77' lang='lat' dir='ltr'>alii</span> <span class='ocrx_word' id='word_1_348' title='bbox 874 3857 970 3916; x_wconf 81' lang='lat' dir='ltr'>jussum</span> <span class='ocrx_word' id='word_1_349' title='bbox 980 3857 1112 3924; x_wconf 81' lang='lat' dir='ltr'>Pompeii‚·</span> <span class='ocrx_word' id='word_1_350' title='bbox 1131 3869 1159 3910; x_wconf 82' lang='lat' dir='ltr'>ut</span> <span class='ocrx_word' id='word_1_351' title='bbox 1175 3860 1235 3911; x_wconf 76' lang='lat' dir='ltr'>uerri</span> <span class='ocrx_word' id='word_1_352' title='bbox 1253 3866 1298 3915; x_wconf 76' lang='lat' dir='ltr'>stis·</span> <span class='ocrx_word' id='word_1_353' title='bbox 1308 3876 1403 3928; x_wconf 73' lang='lat' dir='ltr'>ttegont</span> 
     </span>
     <span class='ocr_line' id='line_1_40' title="bbox 251 3857 1340 3992; baseline 0.016 -30"><span class='ocrx_word' id='word_1_354' title='bbox 251 3913 271 3962; x_wconf 92' lang='lat' dir='ltr'>d</span> <span class='ocrx_word' id='word_1_355' title='bbox 289 3907 419 3970; x_wconf 77' lang='lat' dir='ltr'>Qresdedm</span> <span class='ocrx_word' id='word_1_356' title='bbox 428 3857 579 3978; x_wconf 51' lang='lat' dir='ltr'>reportans</span> <span class='ocrx_word' id='word_1_357' title='bbox 592 3914 797 3979; x_wconf 85' lang='lat' dir='ltr'>Sperabatenirn</span> <span class='ocrx_word' id='word_1_358' title='bbox 823 3921 854 3967; x_wconf 83' lang='lat' dir='ltr'>ab</span> <span class='ocrx_word' id='word_1_359' title='bbox 866 3922 984 3986; x_wconf 79' lang='lat' dir='ltr'>IIispanis</span> <span class='ocrx_word' id='word_1_360' title='bbox 994 3927 1108 3976; x_wconf 77' lang='lat' dir='ltr'>Pisonem</span> <span class='ocrx_word' id='word_1_361' title='bbox 1118 3928 1272 3992; x_wconf 62' lang='lat' dir='ltr'>inrepertum</span> <span class='ocrx_word' id='word_1_362' title='bbox 1282 3943 1340 3979; x_wconf 81' lang='lat' dir='ltr'>esse.</span> 
     </span>
     <span class='ocr_line' id='line_1_41' title="bbox 217 3979 1502 4060; baseline 0.02 -35"><span class='ocrx_word' id='word_1_363' title='bbox 217 3979 337 4057; x_wconf 71' lang='lat' dir='ltr'>Pompeii</span> <span class='ocrx_word' id='word_1_364' title='bbox 346 3980 497 4056; x_wconf 88' lang='lat' dir='ltr'>potentiam</span> <span class='ocrx_word' id='word_1_365' title='bbox 508 3995 557 4046; x_wconf 84' lang='lat' dir='ltr'>per</span> <span class='ocrx_word' id='word_1_366' title='bbox 576 3982 699 4032; x_wconf 88' lang='lat' dir='ltr'>Pisonem</span> <span class='ocrx_word' id='word_1_367' title='bbox 713 3982 797 4034; x_wconf 84' lang='lat' dir='ltr'>immi·</span> <span class='ocrx_word' id='word_1_368' title='bbox 857 3987 909 4037; x_wconf 83' lang='lat' dir='ltr'>i1n</span> <span class='ocrx_word' id='word_1_369' title='bbox 922 3989 1020 4054; x_wconf 67' lang='lat' dir='ltr'>medii}</span> <span class='ocrx_word' id='word_1_370' title='bbox 1038 3996 1077 4043; x_wconf 83' lang='lat' dir='ltr'>lta</span> <span class='ocrx_word' id='word_1_371' title='bbox 1089 4004 1119 4044; x_wconf 91' lang='lat' dir='ltr'>ut</span> <span class='ocrx_word' id='word_1_372' title='bbox 1131 3995 1215 4044; x_wconf 82' lang='lat' dir='ltr'>cuivis</span> <span class='ocrx_word' id='word_1_373' title='bbox 1228 3995 1341 4052; x_wconf 81' lang='lat' dir='ltr'>liberum</span> <span class='ocrx_word' id='word_1_374' title='bbox 1355 3997 1401 4060; x_wconf 89' lang='lat' dir='ltr'>sit,</span> <span class='ocrx_word' id='word_1_375' title='bbox 1499 4005 1502 4014; x_wconf 72' lang='lat'><strong>⁴</strong></span> 
     </span>
     <span class='ocr_line' id='line_1_42' title="bbox 177 4053 1400 4126; baseline 0.018 -31"><span class='ocrx_word' id='word_1_376' title='bbox 177 4053 196 4082; x_wconf 62' lang='lat' dir='ltr'>t·</span> <span class='ocrx_word' id='word_1_377' title='bbox 216 4055 305 4096; x_wconf 87' lang='lat' dir='ltr'>nutam</span> <span class='ocrx_word' id='word_1_378' title='bbox 319 4061 362 4096; x_wconf 81' lang='lat' dir='ltr'>nu.</span> <span class='ocrx_word' id='word_1_379' title='bbox 739 4061 742 4068; x_wconf 89' lang='grc'><strong><em>·</em></strong></span> <span class='ocrx_word' id='word_1_380' title='bbox 821 4055 892 4116; x_wconf 92' lang='lat' dir='ltr'>quod</span> <span class='ocrx_word' id='word_1_381' title='bbox 907 4057 980 4125; x_wconf 64' lang='lat' dir='ltr'>polet</span> <span class='ocrx_word' id='word_1_382' title='bbox 999 4059 1115 4114; x_wconf 87' lang='lat' dir='ltr'>eredere.</span> <span class='ocrx_word' id='word_1_383' title='bbox 1138 4071 1183 4111; x_wconf 87' lang='lat' dir='ltr'>aut</span> <span class='ocrx_word' id='word_1_384' title='bbox 1199 4077 1247 4126; x_wconf 87' lang='lat' dir='ltr'>pro</span> <span class='ocrx_word' id='word_1_385' title='bbox 1270 4064 1400 4119; x_wconf 79' lang='lat' dir='ltr'>alternus</span> 
     </span>
     <span class='ocr_line' id='line_1_43' title="bbox 249 4111 1301 4192; baseline 0.019 -30"><span class='ocrx_word' id='word_1_386' title='bbox 249 4129 265 4162; x_wconf 88' lang='lat' dir='ltr'>e</span> <span class='ocrx_word' id='word_1_387' title='bbox 278 4111 459 4175; x_wconf 78' lang='lat' dir='ltr'>Prouinciam]</span> <span class='ocrx_word' id='word_1_388' title='bbox 503 4115 656 4180; x_wconf 84' lang='lat' dir='ltr'>Hispaniam</span> <span class='ocrx_word' id='word_1_389' title='bbox 685 4115 790 4168; x_wconf 88' lang='lat' dir='ltr'>scilicet</span> <span class='ocrx_word' id='word_1_390' title='bbox 821 4123 953 4172; x_wconf 72' lang='lat' dir='ltr'>sententia</span> <span class='ocrx_word' id='word_1_391' title='bbox 968 4135 1124 4190; x_wconf 57' lang='lat' dir='ltr'>argumenta</span> <span class='ocrx_word' id='word_1_392' title='bbox 1140 4127 1265 4192; x_wconf 85' lang='lat' dir='ltr'>prolerre.</span> <span class='ocrx_word' id='word_1_393' title='bbox 1299 4168 1301 4172; x_wconf 86' lang='lat'><em>-</em></span> 
     </span>
     <span class='ocr_line' id='line_1_44' title="bbox 217 4177 1400 4261; baseline 0.021 -37"><span class='ocrx_word' id='word_1_394' title='bbox 217 4177 351 4230; x_wconf 79' lang='lat' dir='ltr'>Nimirum</span> <span class='ocrx_word' id='word_1_395' title='bbox 365 4181 479 4244; x_wconf 82' lang='lat' dir='ltr'>populus</span> <span class='ocrx_word' id='word_1_396' title='bbox 490 4183 630 4243; x_wconf 83' lang='lat' dir='ltr'>Romanus,</span> <span class='ocrx_word' id='word_1_397' title='bbox 637 4183 796 4250; x_wconf 84' lang='lat' dir='ltr'>quandoque</span> <span class='ocrx_word' id='word_1_398' title='bbox 853 4187 871 4236; x_wconf 79' lang='lat' dir='ltr'>k</span> <span class='ocrx_word' id='word_1_399' title='bbox 884 4191 1018 4256; x_wconf 72' lang='lat' dir='ltr'>Catilina]</span> <span class='ocrx_word' id='word_1_400' title='bbox 1052 4197 1129 4246; x_wconf 83' lang='lat' dir='ltr'>Nune</span> <span class='ocrx_word' id='word_1_401' title='bbox 1137 4195 1170 4244; x_wconf 85' lang='lat' dir='ltr'>ad</span> <span class='ocrx_word' id='word_1_402' title='bbox 1182 4203 1343 4261; x_wconf 85' lang='lat' dir='ltr'>postremam</span> <span class='ocrx_word' id='word_1_403' title='bbox 1353 4203 1400 4252; x_wconf 80' lang='lat' dir='ltr'>Ca·</span> 
     </span>
     <span class='ocr_line' id='line_1_45' title="bbox 214 4244 1398 4325; baseline 0.029 -34"><span class='ocrx_word' id='word_1_404' title='bbox 214 4244 347 4298; x_wconf 86' lang='lat' dir='ltr'>nationem</span> <span class='ocrx_word' id='word_1_405' title='bbox 360 4247 474 4314; x_wconf 85' lang='lat' dir='ltr'>aliquam</span> <span class='ocrx_word' id='word_1_406' title='bbox 493 4247 561 4299; x_wconf 86' lang='lat' dir='ltr'>bello</span> <span class='ocrx_word' id='word_1_407' title='bbox 575 4249 721 4311; x_wconf 84' lang='lat' dir='ltr'>domuerat,</span> <span class='ocrx_word' id='word_1_408' title='bbox 738 4265 793 4303; x_wconf 82' lang='lat' dir='ltr'>eam</span> <span class='ocrx_word' id='word_1_409' title='bbox 819 4253 899 4306; x_wconf 83' lang='lat' dir='ltr'>tilinae</span> <span class='ocrx_word' id='word_1_410' title='bbox 915 4259 1125 4325; x_wconf 82' lang='lat' dir='ltr'>conjurationem</span> <span class='ocrx_word' id='word_1_411' title='bbox 1141 4270 1218 4316; x_wconf 85' lang='lat' dir='ltr'>autor</span> <span class='ocrx_word' id='word_1_412' title='bbox 1236 4267 1398 4325; x_wconf 75' lang='lat' dir='ltr'>revertitura</span> 
     </span>
    </p>
   </div>
   <div class='ocr_carea' id='block_1_6' title="bbox 355 4414 451 4492">
    <p class='ocr_par' dir='ltr' id='par_1_10' title="bbox 355 4414 451 4492">
     <span class='ocr_line' id='line_1_46' title="bbox 355 4414 451 4458; baseline 0.01 -1"><span class='ocrx_word' id='word_1_413' title='bbox 355 4414 366 4444; x_wconf 51' lang='grc' dir='ltr'>ἱ</span> <span class='ocrx_word' id='word_1_414' title='bbox 448 4451 451 4458; x_wconf 85' lang='grc' dir='ltr'>ι</span> 
     </span>
     <span class='ocr_line' id='line_1_47' title="bbox 398 4467 406 4492; baseline 0 0"><span class='ocrx_word' id='word_1_415' title='bbox 398 4467 406 4492; x_wconf 81' lang='lat' dir='ltr'>s</span> 
     </span>
    </p>
   </div>
   <div class='ocr_carea' id='block_1_7' title="bbox 0 0 1540 5034">
    <p class='ocr_par' dir='ltr' id='par_1_11' title="bbox 0 0 1540 5034">
     <span class='ocr_line' id='line_1_48' title="bbox 0 0 1540 5034; baseline 0 5"><span class='ocrx_word' id='word_1_416' title='bbox 0 0 1540 5034; x_wconf 95' lang='lat' dir='ltr'> </span> 
     </span>
    </p>
   </div>
  </div>
 </body>
</html>
